Details,Posting Date,Description,Amount,Type,Balance,Check or Slip #
CREDIT,06/15/2018,"ATM DEP - 1412 W COMMERCE DR       SARATOGA SPRIUT",762.00,MISC_CREDIT, ,,
DEBIT,06/15/2018,"POS DEBIT                PANDA EXPRESS             VANCOUVER    WA",-8.13,MISC_DEBIT, ,,
DEBIT,06/13/2018,"WAL-MART #5461 VANCOUVER WA          172862  06/13",-42.39,DEBIT_CARD,267.90,,
DEBIT,06/13/2018,"PANDA EXPRESS #1105 VANCOUVER WA             06/12",-6.83,DEBIT_CARD,310.29,,
DEBIT,06/13/2018,"TACO BELL #26664 VANCOUVER WA                06/12",-5.63,DEBIT_CARD,317.12,,
DEBIT,06/11/2018,"CHEVRON 0305498 LONGVIEW WA                  06/10",-20.00,DEBIT_CARD,322.75,,
DEBIT,06/11/2018,"WM SUPERCENTER # WOODLAND WA         028180  06/09",-61.87,DEBIT_CARD,342.75,,
DEBIT,06/11/2018,"CHEVRON 0374479 WOODLAND WA                  06/08",-10.51,DEBIT_CARD,404.62,,
DEBIT,06/08/2018,"GOLDIES TEXAS STYLE BAR VANCOUVER WA         06/07",-8.66,DEBIT_CARD,415.13,,
DEBIT,06/07/2018,"CHEVRON 0374479 WOODLAND WA                  06/06",-10.00,DEBIT_CARD,423.79,,
DEBIT,06/06/2018,"WAL-MART #5461 VANCOUVER WA          594893  06/06",-5.96,DEBIT_CARD,433.79,,
DEBIT,06/05/2018,"VENMO            PAYMENT    1122459743      WEB ID: 3264681992",-500.00,ACH_DEBIT,439.75,,
DEBIT,06/05/2018,"WENDY'S 9856 VANCOUVER WA                    06/04",-4.34,DEBIT_CARD,939.75,,
DEBIT,06/05/2018,"CHEVRON 0374479 WOODLAND WA                  06/04",-15.00,DEBIT_CARD,944.09,,
DEBIT,06/05/2018,"PDX AIRPORT PARKING PORTLAND OR              06/04",-50.00,DEBIT_CARD,959.09,,
DEBIT,06/05/2018,"MCDONALD'S F35850 SEA TAC WA                 06/03",-9.12,DEBIT_CARD,1009.09,,
CREDIT,06/05/2018,"ATM CHECK DEPOSIT 06/04 1412 W COMMERCE DR SARATOGA SPRI UT",232.00,ATM_DEPOSIT,1018.21,,
DEBIT,06/04/2018,"GROVE SLC FRESH MARK SALT LAKE CIT UT        06/03",-2.30,DEBIT_CARD,786.21,,
DEBIT,06/04/2018,"WENDYS #6094 SARATOGA SPRI UT                06/02",-1.92,DEBIT_CARD,788.51,,
DEBIT,06/04/2018,"PROVO CITY CNTR TEMPLE PROVO UT              06/02",-3.50,DEBIT_CARD,790.43,,
DEBIT,06/04/2018,"SWIG N SWEETS - PROVO PROVO UT               06/02",-6.08,DEBIT_CARD,793.93,,
DEBIT,06/01/2018,"WM SUPERCENTER # SARATOGA SPRI UT    048524  05/31",-15.00,DEBIT_CARD,800.01,,
DEBIT,06/01/2018,"MAVERIK #399 OREM UT                         05/31",-2.56,DEBIT_CARD,815.01,,
DEBIT,05/31/2018,"Spotify USA 646-8375380 NY                   05/30",-5.33,DEBIT_CARD,817.57,,
DEBIT,05/31/2018,"SMITH'S FOOD #42 SARATOGA SPRI UT    052847  05/31",-3.85,DEBIT_CARD,822.90,,
DEBIT,05/31/2018,"PITA PIT - 08-014-WA VANCOUVER WA            05/30",-8.77,DEBIT_CARD,826.75,,
DEBIT,05/31/2018,"TACO BELL #26664 VANCOUVER WA                05/30",-3.25,DEBIT_CARD,835.52,,
DEBIT,05/31/2018,"CHICK-FIL-A #03507 VANCOUVER WA              05/29",-13.98,DEBIT_CARD,838.77,,
DEBIT,05/30/2018,"WAL-MART #5461 VANCOUVER WA          109586  05/30",-10.04,DEBIT_CARD,852.75,,
DEBIT,05/29/2018,"BLIZZARD ENTERTAINM 949-955-1380 CA          05/29",-9.99,DEBIT_CARD,862.79,,
DEBIT,05/29/2018,"BLIZZARD ENTERTAINM 949-955-1380 CA          05/28",-9.99,DEBIT_CARD,872.78,,
DEBIT,05/25/2018,"WAL-MART #3742 WOODLAND WA           877272  05/25",-5.96,DEBIT_CARD,882.77,,
DEBIT,05/24/2018,"WAL Wal-Mart Super 111 WOODLAND WA   770211  05/24",-14.34,DEBIT_CARD,888.73,,
DEBIT,05/24/2018,"PANDA EXPRESS #1105 VANCOUVER WA             05/23",-8.13,DEBIT_CARD,903.07,,
DEBIT,05/22/2018,"WM SUPERCENTER # VANCOUVER WA        011779  05/22",-30.00,DEBIT_CARD,911.20,,
DEBIT,05/21/2018,"CHEVRON 0305498 LONGVIEW WA                  05/20",-11.01,DEBIT_CARD,941.20,,
DEBIT,05/21/2018,"DON PEDRO`S V LONGVIEW WA                    05/19",-18.76,DEBIT_CARD,952.21,,
DEBIT,05/21/2018,"TRIANGLE BOWL LONGVIEW WA                    05/18",-4.25,DEBIT_CARD,970.97,,
DEBIT,05/21/2018,"TRIANGLE BOWL LONGVIEW WA                    05/18",-7.25,DEBIT_CARD,975.22,,
DEBIT,05/21/2018,"DON PEDRO`S CAMAS CAMAS WA                   05/18",-5.42,DEBIT_CARD,982.47,,
DEBIT,05/17/2018,"WM SUPERCENTER # WOODLAND WA         059615  05/17",-36.89,DEBIT_CARD,987.89,,
DEBIT,05/17/2018,"SUBWAY        00287276 WOODLAND WA           05/17",-8.28,DEBIT_CARD,1024.78,,
CREDIT,05/17/2018,"FRANCHISE TAX BD CASTTAXRFD                 PPD ID: 9282532045",78.00,ACH_CREDIT,1033.06,,
DEBIT,05/16/2018,"WM SUPERCENTER # WOODLAND WA         065532  05/16",-5.37,DEBIT_CARD,955.06,,
DEBIT,05/15/2018,"COSTCO WHSE #1086 CAMAS WA           032714  05/15",-3.78,DEBIT_CARD,960.43,,
DEBIT,05/15/2018,"WAL Wal-Mart Super 811 WOODLAND WA   676836  05/15",-4.10,DEBIT_CARD,964.21,,
DEBIT,05/15/2018,"TACO BELL #032952 WOODLAND WA                05/14",-5.83,DEBIT_CARD,968.31,,
DEBIT,05/15/2018,"TACO BELL #032952 WOODLAND WA                05/14",-3.24,DEBIT_CARD,974.14,,
DEBIT,05/14/2018,"WM SUPERCENTER # VANCOUVER WA        005933  05/14",-24.04,DEBIT_CARD,977.38,,
DEBIT,05/14/2018,"WAL-MART #5461 VANCOUVER WA          139699  05/14",-2.84,DEBIT_CARD,1001.42,,
DEBIT,05/14/2018,"MCDONALD'S F12086 SEASIDE OR                 05/12",-6.00,DEBIT_CARD,1004.26,,
DEBIT,05/14/2018,"RUE21 1111 N ROOSEVELT SEASIDE OR    513182  05/12",-16.99,DEBIT_CARD,1010.26,,
DEBIT,05/14/2018,"Online Transfer to CHK ...6447 transaction#: 7142702235 05/14",-500.00,ACCT_XFER,1027.25,,
DEBIT,05/14/2018,"CHEVRON 0305498 LONGVIEW WA                  05/12",-15.77,DEBIT_CARD,1527.25,,
DEBIT,05/14/2018,"CHEVRON/BELMONT LOOP C WOODLAND WA   987654  05/12",-3.06,DEBIT_CARD,1543.02,,
DEBIT,05/14/2018,"TACO BELL #032952 WOODLAND WA                05/11",-5.40,DEBIT_CARD,1546.08,,
DEBIT,05/14/2018,"WM SUPERCENTER # WOODLAND WA         049115  05/11",-8.00,DEBIT_CARD,1551.48,,
DEBIT,05/11/2018,"CHEVRON/BELMONT LOOP C WOODLAND WA   488588  05/11",-1.07,DEBIT_CARD,1559.48,,
DEBIT,05/10/2018,"WM SUPERCENTER # VANCOUVER WA        009585  05/10",-31.97,DEBIT_CARD,1560.55,,
DEBIT,05/10/2018,"CHEVRON 0374479 WOODLAND WA                  05/09",-10.23,DEBIT_CARD,1592.52,,
DEBIT,05/10/2018,"9426 Dominos Pizza LONGVIEW WA               05/09",-23.77,DEBIT_CARD,1602.75,,
DEBIT,05/09/2018,"COSTCO WHSE #1086 CAMAS WA           246670  05/09",-1.63,DEBIT_CARD,1626.52,,
DEBIT,05/09/2018,"CARL'S JR 8553 WOODLAND WA                   05/08",-9.32,DEBIT_CARD,1628.15,,
DEBIT,05/08/2018,"WAL-MART #3742 WOODLAND WA           169019  05/07",-0.37,DEBIT_CARD,1637.47,,
DEBIT,05/07/2018,"VENMO            PAYMENT    1065055777      WEB ID: 3264681992",-500.00,ACH_DEBIT,1637.84,,
DEBIT,05/07/2018,"WM SUPERCENTER # WOODLAND WA         023763  05/07",-1.92,DEBIT_CARD,2137.84,,
DEBIT,05/07/2018,"PANDA EXPRESS 1535 LONGVIEW WA               05/05",-8.11,DEBIT_CARD,2139.76,,
DEBIT,05/07/2018,"WAL-MART #2469 LONGVIEW WA           265039  05/05",-5.16,DEBIT_CARD,2147.87,,
DEBIT,05/07/2018,"CHEVRON 0374479 WOODLAND WA                  05/05",-30.01,DEBIT_CARD,2153.03,,
DEBIT,05/07/2018,"SW CLINICS VANCOUVER WA                      05/04",-25.00,DEBIT_CARD,2183.04,,
CREDIT,05/07/2018,"Online Transfer from CHK ...6447 transaction#: 7126276901",500.00,ACCT_XFER,2208.04,,
CREDIT,05/07/2018,"ATM CHECK DEPOSIT 05/06 600 TRIANGLE CTR LONGVIEW WA",1476.00,ATM_DEPOSIT,1708.04,,
DEBIT,05/02/2018,"WAL-MART #3742 WOODLAND WA           104692  05/02",-12.47,DEBIT_CARD,232.04,,
DEBIT,05/02/2018,"WM SUPERCENTER # WOODLAND WA         036714  05/01",-1.74,DEBIT_CARD,244.51,,
DEBIT,05/02/2018,"JIFFY LUBE #794 LONGVIEW WA                  05/01",-64.57,DEBIT_CARD,246.25,,
DEBIT,05/02/2018,"PANDA EXPRESS #1105 VANCOUVER WA             05/01",-10.19,DEBIT_CARD,310.82,,
CREDIT,05/02/2018,"Online Transfer from CHK ...6447 transaction#: 7114551499",65.00,ACCT_XFER,321.01,,
DEBIT,05/01/2018,"Spotify USA 646-8375380 NY                   04/30",-5.33,DEBIT_CARD,256.01,,
DEBIT,05/01/2018,"COSTCO GAS #1086 CAMAS WA                    04/30",-28.28,DEBIT_CARD,261.34,,
DEBIT,05/01/2018,"CHEVRON 0374479 WOODLAND WA                  04/30",-12.00,DEBIT_CARD,289.62,,
DEBIT,04/30/2018,"KC TERIYAKI VANCOUVER WA                     04/28",-11.00,DEBIT_CARD,301.62,,
DEBIT,04/30/2018,"SUBWAY        00287276 WOODLAND WA           04/28",-8.30,DEBIT_CARD,312.62,,
DEBIT,04/27/2018,"WAL-MART #3742 WOODLAND WA           789517  04/27",-3.78,DEBIT_CARD,320.92,,
DEBIT,04/27/2018,"WAL Wal-Mart Super 651 LONGVIEW WA   541786  04/26",-26.99,DEBIT_CARD,324.70,,
CREDIT,04/27/2018,"Cafe Rio         XXXXXXXXXX                 PPD ID: 9000051066",34.84,ACH_CREDIT,351.69,,
DEBIT,04/26/2018,"WAL Wal-Mart Super 320 WOODLAND WA   454048  04/26",-18.74,DEBIT_CARD,316.85,,
DEBIT,04/25/2018,"WM SUPERCENTER # WOODLAND WA         049974  04/25",-1.16,DEBIT_CARD,335.59,,
DEBIT,04/25/2018,"PANDA EXPRESS 1535 LONGVIEW WA               04/24",-8.11,DEBIT_CARD,336.75,,
DEBIT,04/24/2018,"WM SUPERCENTER # WOODLAND WA         006012  04/24",-1.74,DEBIT_CARD,344.86,,
DEBIT,04/23/2018,"COSTCO GAS #1086 CAMAS WA                    04/20",-31.40,DEBIT_CARD,346.60,,
DEBIT,04/23/2018,"STEAMGAMES.COM 4259522 425-8899642 WA        04/21",-1.99,DEBIT_CARD,378.00,,
DEBIT,04/20/2018,"CHEVRON/WILSON OIL INC WOODLAND WA   076205  04/20",-10.02,DEBIT_CARD,379.99,,
CREDIT,04/20/2018,"BRIGHAM YOUNG UN PAYROLL                    PPD ID: 3820207699",171.72,ACH_CREDIT,390.01,,
DEBIT,04/19/2018,"PANDA EXPRESS #1105 VANCOUVER WA             04/18",-6.83,DEBIT_CARD,218.29,,
DEBIT,04/13/2018,"MCDONALD'S F5138 REXBURG ID                  04/11",-3.07,DEBIT_CARD,225.12,,
CREDIT,04/13/2018,"Cafe Rio         XXXXXXXXXX                 PPD ID: 9000051066",99.82,ACH_CREDIT,228.19,,
DEBIT,04/09/2018,"BROULIM'S #6 REXBURG ID              851542  04/09",-7.41,DEBIT_CARD,128.37,,
DEBIT,04/09/2018,"Online Transfer to CHK ...6447 transaction#: 7048949619 04/09",-183.00,ACCT_XFER,135.78,,
DEBIT,04/06/2018,"BYU IDAHO        BYUIDAHO   913787411       WEB ID: 2820207699",-500.00,ACH_DEBIT,318.78,,
DEBIT,04/06/2018,"VENMO 855-812-4430 NY                        04/05",-0.50,DEBIT_CARD,818.78,,
CREDIT,04/06/2018,"BRIGHAM YOUNG UN PAYROLL                    PPD ID: 3820207699",157.35,ACH_CREDIT,819.28,,
DEBIT,04/05/2018,"VENMO            PAYMENT    1001153395      WEB ID: 3264681992",-482.50,ACH_DEBIT,661.93,,
DEBIT,04/03/2018,"BROULIM'S #6 REXBURG ID              349974  04/02",-5.28,DEBIT_CARD,1144.43,,
DEBIT,04/02/2018,"Spotify USA 646-8375380 NY                   03/30",-5.33,DEBIT_CARD,1149.71,,
DEBIT,04/02/2018,"VENMO 855-812-4430 NY                        03/31",-2.50,DEBIT_CARD,1155.04,,
CREDIT,03/30/2018,"Cafe Rio         XXXXXXXXXX                 PPD ID: 9000051066",91.35,ACH_CREDIT,1157.54,,
DEBIT,03/29/2018,"BROULIM'S #6 REXBURG ID              062842  03/29",-8.46,DEBIT_CARD,1066.19,,
DEBIT,03/29/2018,"PANDA EXPRESS 2734 REXBURG ID                03/28",-7.74,DEBIT_CARD,1074.65,,
DEBIT,03/29/2018,"BYU I FD SRVCS REXBURG ID                    03/28",-9.57,DEBIT_CARD,1082.39,,
CREDIT,03/29/2018,"Online Transfer from CHK ...6447 transaction#: 7018396906",500.00,ACCT_XFER,1091.96,,
DEBIT,03/28/2018,"WAL Wal-Mart Super 752 REXBURG ID    162905  03/28",-46.17,DEBIT_CARD,591.96,,
DEBIT,03/28/2018,"BROULIM'S #6 REXBURG ID              323674  03/28",-5.06,DEBIT_CARD,638.13,,
DEBIT,03/26/2018,"VENMO 855-812-4430 NY                        03/25",-20.00,DEBIT_CARD,643.19,,
DEBIT,03/26/2018,"TEXAS ROADHOUSE 2284 OREM UT                 03/25",-21.00,DEBIT_CARD,663.19,,
DEBIT,03/26/2018,"WAL-MART #3208 SPRINGVILLE UT        078902  03/24",-4.78,DEBIT_CARD,684.19,,
DEBIT,03/26/2018,"BYU CONCESSIONS    Q51 PROVO UT              03/24",-8.00,DEBIT_CARD,688.97,,
DEBIT,03/26/2018,"MCDONALD'S F36056 REXBURG ID                 03/23",-6.24,DEBIT_CARD,696.97,,
DEBIT,03/26/2018,"CMSVEND*BYU -IDAHO REXBURG ID                03/23",-1.25,DEBIT_CARD,703.21,,
CREDIT,03/23/2018,"BRIGHAM YOUNG UN PAYROLL                    PPD ID: 3820207699",85.51,ACH_CREDIT,704.46,,
DSLIP,03/22/2018,"DEPOSIT  ID NUMBER  12843",500.00,DEPOSIT,618.95,,
DEBIT,03/19/2018,"MAVERIK #505 REXBURG ID                      03/16",-20.70,DEBIT_CARD,118.95,,
DEBIT,03/19/2018,"JAMBA JUICE 255 REXBURG ID                   03/16",-1.85,DEBIT_CARD,139.65,,
DEBIT,03/16/2018,"BYU IDAHO        BYUIDAHO   913787411       WEB ID: 2820207699",-500.00,ACH_DEBIT,141.50,,
DEBIT,03/16/2018,"MAVERIK COUNTRY STORE1 REXBURG ID    542688  03/16",-7.19,DEBIT_CARD,641.50,,
DEBIT,03/16/2018,"WAL-MART #1878 REXBURG ID                    03/16 Purchase $32.59 Cash Back $20.00",-52.59,DEBIT_CARD,648.69,,
DEBIT,03/16/2018,"VENMO 855-812-4430 NY                        03/15",-5.00,DEBIT_CARD,701.28,,
DEBIT,03/16/2018,"MCDONALD'S F36056 REXBURG ID                 03/14",-3.18,DEBIT_CARD,706.28,,
CREDIT,03/16/2018,"Cafe Rio         XXXXXXXXXX                 PPD ID: 9000051066",200.92,ACH_CREDIT,709.46,,
DEBIT,03/15/2018,"WAL-MART #1878 REXBURG ID            038785  03/14",-5.28,DEBIT_CARD,508.54,,
DEBIT,03/15/2018,"BROULIM'S #6 REXBURG ID              545657  03/14",-6.35,DEBIT_CARD,513.82,,
CREDIT,03/15/2018,"Online Transfer from CHK ...6809 transaction#: 6984053466",190.00,ACCT_XFER,520.17,,
CHECK,03/13/2018,"CHECK 1011  ",-483.33,CHECK_PAID,330.17,1011,
DEBIT,03/12/2018,"BYU IDAHO        BYUIDAHO   913787411       WEB ID: 2820207699",-200.00,ACH_DEBIT,813.50,,
CREDIT,03/09/2018,"BRIGHAM YOUNG UN PAYROLL                    PPD ID: 3820207699",123.32,ACH_CREDIT,1013.50,,
DEBIT,03/08/2018,"DSC*DOLLAR SHAVE CLUB 866-2232780 CA         03/07",-9.00,DEBIT_CARD,890.18,,
DEBIT,03/07/2018,"SQ *THE COCOA BEAN NORT Rexburg ID           03/06",-7.63,DEBIT_CARD,899.18,,
DEBIT,03/06/2018,"BROULIM'S #6 REXBURG ID                      03/05",-27.96,DEBIT_CARD,906.81,,
DEBIT,03/06/2018,"VENMO 855-812-4430 NY                        03/05",-0.20,DEBIT_CARD,934.77,,
CREDIT,03/02/2018,"Cafe Rio         XXXXXXXXXX                 PPD ID: 9000051066",183.84,ACH_CREDIT,934.97,,
CREDIT,03/02/2018,"Online Transfer from CHK ...6447 transaction#: 6946295528",200.00,ACCT_XFER,751.13,,
DEBIT,03/01/2018,"Spotify USA 646-8375380 NY                   02/28",-5.33,DEBIT_CARD,551.13,,
CREDIT,03/01/2018,"UTAHTAXRFD       UTAHTAXRFD                 PPD ID: 1100000000",74.00,ACH_CREDIT,556.46,,
CREDIT,02/27/2018,"IRS  TREAS 310     TAX REF                  PPD ID: 9111036170",301.00,ACH_CREDIT,482.46,,
DEBIT,02/26/2018,"CHEVRON 0073049 PROVO UT                     02/24",-1.36,DEBIT_CARD,181.46,,
DEBIT,02/26/2018,"TUCANOS BRAZILIAN GRIL PROVO UT              02/24",-24.02,DEBIT_CARD,182.82,,
DEBIT,02/26/2018,"BIG JUDS COUNTRY D REXBERG ID                02/23",-15.48,DEBIT_CARD,206.84,,
DEBIT,02/26/2018,"VENMO 855-812-4430 NY                        02/24",-5.21,DEBIT_CARD,222.32,,
CREDIT,02/23/2018,"BRIGHAM YOUNG UN PAYROLL                    PPD ID: 3820207699",176.57,ACH_CREDIT,227.53,,
DEBIT,02/20/2018,"BROULIM'S #6 REXBURG ID              882903  02/19",-25.59,DEBIT_CARD,50.96,,
DEBIT,02/20/2018,"VENMO 855-812-4430 NY                        02/17",-3.00,DEBIT_CARD,76.55,,
CREDIT,02/20/2018,"Online Transfer from CHK ...6447 transaction#: 6916700681",50.00,ACCT_XFER,79.55,,
DEBIT,02/16/2018,"Online Transfer to CHK ...6809 transaction#: 6909777044 02/16",-130.00,ACCT_XFER,29.55,,
CREDIT,02/16/2018,"Cafe Rio         XXXXXXXXXX                 PPD ID: 9000051066",137.75,ACH_CREDIT,159.55,,
DEBIT,02/15/2018,"BYU I FD SRVCS REXBURG ID                    02/15",-2.10,DEBIT_CARD,21.80,,
DEBIT,02/14/2018,"BROULIM'S #6 REXBURG ID              817846  02/13",-23.29,DEBIT_CARD,23.90,,
DEBIT,02/13/2018,"VENMO 855-812-4430 NY                        02/12",-10.00,DEBIT_CARD,47.19,,
DEBIT,02/12/2018,"BYU I FD SRVCS REXBURG ID                    02/09",-5.82,DEBIT_CARD,57.19,,
DEBIT,02/12/2018,"ARBYS OF REXBURG REXBURG ID                  02/08",-3.59,DEBIT_CARD,63.01,,
DEBIT,02/09/2018,"Online Transfer to CHK ...6809 transaction#: 6891995293 02/09",-60.00,ACCT_XFER,66.60,,
DEBIT,02/09/2018,"PARAMOUNT 5 REXBURG ID                       02/08",-3.50,DEBIT_CARD,126.60,,
DEBIT,02/09/2018,"BYU I FD SRVCS REXBURG ID                    02/08",-1.05,DEBIT_CARD,130.10,,
DEBIT,02/09/2018,"EB POWER TO BECOME CO 888-810-2063 CA        02/08",-10.00,DEBIT_CARD,131.15,,
CREDIT,02/09/2018,"BRIGHAM YOUNG UN PAYROLL                    PPD ID: 3820207699",120.46,ACH_CREDIT,141.15,,
DEBIT,02/08/2018,"BROULIM'S #6 REXBURG ID              025344  02/08",-10.88,DEBIT_CARD,20.69,,
DEBIT,02/06/2018,"BYU IDAHO        BYUIDAHO   913787411       WEB ID: 2820207699",-200.00,ACH_DEBIT,31.57,,
CHECK,02/05/2018,"CHECK 1013  ",-433.33,CHECK_PAID,231.57,1013,
CREDIT,02/05/2018,"Online Transfer from CHK ...6447 transaction#: 6878911770",50.00,ACCT_XFER,664.90,,
CREDIT,02/05/2018,"Online Transfer from CHK ...6809 transaction#: 6881229378",181.00,ACCT_XFER,614.90,,
CREDIT,02/02/2018,"Online Transfer from CHK ...6809 transaction#: 6872983277",0.65,ACCT_XFER,433.90,,
CREDIT,02/02/2018,"Online Transfer from CHK ...6809 transaction#: 6872981971",36.00,ACCT_XFER,433.25,,
CREDIT,02/02/2018,"Online Transfer from CHK ...6809 transaction#: 6870393366",50.00,ACCT_XFER,397.25,,
CREDIT,02/02/2018,"Cafe Rio         XXXXXXXXXX                 PPD ID: 9000051066",102.31,ACH_CREDIT,347.25,,
DEBIT,02/01/2018,"BYU I FD SRVCS REXBURG ID                    01/31",-1.69,DEBIT_CARD,244.94,,
DEBIT,01/31/2018,"Spotify USA 646-8375380 NY                   01/30",-5.33,DEBIT_CARD,246.63,,
DEBIT,01/31/2018,"LDS CHURCH       DONATION   27359731        WEB ID: 2870834341",-30.00,ACH_DEBIT,251.96,,
DEBIT,01/31/2018,"LDS CHURCH       DONATION   27357866        WEB ID: 2870834341",-31.00,ACH_DEBIT,281.96,,
CREDIT,01/30/2018,"Online Transfer from CHK ...6447 transaction#: 6862031882",250.00,ACCT_XFER,312.96,,
DEBIT,01/29/2018,"BROULIM'S #6 REXBURG ID                      01/27",-8.45,DEBIT_CARD,62.96,,
DEBIT,01/29/2018,"MCDONALD'S F5138 REXBURG ID                  01/25",-4.13,DEBIT_CARD,71.41,,
CREDIT,01/29/2018,"Online Transfer from CHK ...6809 transaction#: 6859722520",2.00,ACCT_XFER,75.54,,
CREDIT,01/26/2018,"BRIGHAM YOUNG UN PAYROLL                    PPD ID: 3820207699",51.14,ACH_CREDIT,73.54,,
DEBIT,01/25/2018,"WAL-MART #1878 REXBURG ID            039224  01/25",-39.49,DEBIT_CARD,22.40,,
DEBIT,01/25/2018,"BYU I FD SRVCS REXBURG ID                    01/24",-2.43,DEBIT_CARD,61.89,,
CREDIT,01/25/2018,"Online Transfer from CHK ...6809 transaction#: 6849848916",30.00,ACCT_XFER,64.32,,
DEBIT,01/25/2018,"VENMO*Jorgensen Cody NEW YORK CITY NY299797  01/25",17.72,DEBIT_CARD,34.32,,
CHECK,01/22/2018,"CHECK 1012  ",-433.34,CHECK_PAID,16.60,1012,
DEBIT,01/22/2018,"LITTLE CAESARS 1273 000 REXBURG ID           01/20",-10.60,DEBIT_CARD,449.94,,
DEBIT,01/22/2018,"CONOCO - GREAT SCOTT 1 REXBURG ID            01/19",-32.15,DEBIT_CARD,460.54,,
DEBIT,01/22/2018,"BYU I FD SRVCS REXBURG ID                    01/19",-5.18,DEBIT_CARD,492.69,,
DEBIT,01/19/2018,"Online Transfer to CHK ...6809 transaction#: 6836659350 01/19",-300.00,ACCT_XFER,497.87,,
CREDIT,01/19/2018,"Cafe Rio         XXXXXXXXXX                 PPD ID: 9000051066",199.18,ACH_CREDIT,797.87,,
DEBIT,01/18/2018,"BYU I FD SRVCS REXBURG ID                    01/17",-7.78,DEBIT_CARD,598.69,,
DSLIP,01/18/2018,"DEPOSIT  ID NUMBER 312966",149.00,DEPOSIT,606.47,,
DEBIT,01/16/2018,"BROULIM'S #6 REXBURG ID              300093  01/15",-18.55,DEBIT_CARD,457.47,,
DEBIT,01/16/2018,"BROULIM'S #6 REXBURG ID              719383  01/13",-16.86,DEBIT_CARD,476.02,,
DEBIT,01/12/2018,"BYU I FD SRVCS REXBURG ID                    01/11",-5.98,DEBIT_CARD,492.88,,
DEBIT,01/10/2018,"UPPER VALLEY FAMILY PR REXBURG ID            01/08",-25.00,DEBIT_CARD,498.86,,
DEBIT,01/09/2018,"IN *SODAVINE RESBURG ID              374987  01/08",-7.10,DEBIT_CARD,523.86,,
DEBIT,01/08/2018,"DSC*DOLLAR SHAVE CLUB 866-2232780 CA         01/07",-9.00,DEBIT_CARD,530.96,,
DEBIT,01/08/2018,"WAL-MART #1878 REXBURG ID            619745  01/06",-15.30,DEBIT_CARD,539.96,,
DEBIT,01/08/2018,"WAL Wal-Mart Super 550 REXBURG ID    540449  01/06",-65.21,DEBIT_CARD,555.26,,
DEBIT,01/08/2018,"TACO BELL 029852 REXBURG ID                  01/05",-6.35,DEBIT_CARD,620.47,,
CREDIT,01/08/2018,"Online Transfer from CHK ...6809 transaction#: 6808408755",487.00,ACCT_XFER,626.82,,
DEBIT,01/02/2018,"Spotify USA 646-8375380 NY                   12/30",-5.33,DEBIT_CARD,139.82,,
DEBIT,01/02/2018,"7-ELEVEN 36752 OREM UT                       12/29",-29.00,DEBIT_CARD,145.15,,
DEBIT,01/02/2018,"STEAMGAMES.COM 425-889-9642 WA               12/28",-11.23,DEBIT_CARD,174.15,,
CREDIT,12/29/2017,"BRIGHAM YOUNG UN PAYROLL                    PPD ID: 3820207699",63.10,ACH_CREDIT,185.38,,
DEBIT,12/26/2017,"KOHL'S #0777 AMERICAN FORK UT                12/23",-11.21,DEBIT_CARD,122.28,,
DEBIT,12/26/2017,"BONNEVILLE COUNTY DIST 888-4070931 NM        12/22",-162.75,DEBIT_CARD,133.49,,
CREDIT,12/22/2017,"Cafe Rio         XXXXXXXXXX                 PPD ID: 9000051066",144.92,ACH_CREDIT,296.24,,
DEBIT,12/18/2017,"NOODLES & CO 702 SALT LAKE CIT UT            12/16",-9.44,DEBIT_CARD,151.32,,
DEBIT,12/18/2017,"ALBERTSONS STORE  0171 Rexburg ID    211303  12/16",-4.77,DEBIT_CARD,160.76,,
DEBIT,12/18/2017,"SQ *THE COCOA BEAN NORT Rexburg ID           12/15",-8.53,DEBIT_CARD,165.53,,
DEBIT,12/18/2017,"MCDONALD'S F5138 REXBURG ID                  12/15",-6.87,DEBIT_CARD,174.06,,
DEBIT,12/18/2017,"CONOCO - GREAT SCOTT 1 REXBURG ID            12/15",-32.50,DEBIT_CARD,180.93,,
CREDIT,12/15/2017,"BRIGHAM YOUNG UN PAYROLL                    PPD ID: 3820207699",172.93,ACH_CREDIT,213.43,,
DEBIT,12/12/2017,"LDS CHURCH       DONATION   25706046        WEB ID: 2870834341",-21.00,ACH_DEBIT,40.50,,
DEBIT,12/11/2017,"MCDONALD'S F5138 REXBURG ID                  12/09",-7.62,DEBIT_CARD,61.50,,
DEBIT,12/11/2017,"BROULIM'S #6 REXBURG ID              735355  12/09",-11.84,DEBIT_CARD,69.12,,
CREDIT,12/11/2017,"VENMO            CASHOUT                    PPD ID: 5264681992",25.23,ACH_CREDIT,80.96,,
DEBIT,12/08/2017,"BROULIM'S #6 REXBURG ID              610262  12/08",-9.29,DEBIT_CARD,55.73,,
CREDIT,12/08/2017,"Cafe Rio         XXXXXXXXXX                 PPD ID: 9000051066",30.34,ACH_CREDIT,65.02,,
DEBIT,12/06/2017,"CAFE RIO REXBURG REXBURG ID                  12/05",-1.48,DEBIT_CARD,34.68,,
DEBIT,12/04/2017,"Online Transfer to CHK ...6809 transaction#: 6715246266 12/04",-70.00,ACCT_XFER,36.16,,
DEBIT,12/04/2017,"LITTLE CAESARS 1273 000 REXBURG ID           12/01",-5.30,DEBIT_CARD,106.16,,
DEBIT,12/04/2017,"BYU-IDAHO UNIV STORE REXBURG ID              12/01",-1.05,DEBIT_CARD,111.46,,
DEBIT,12/01/2017,"Spotify USA 646-8375380 NY                   11/30",-5.33,DEBIT_CARD,112.51,,
DEBIT,12/01/2017,"BROULIM'S #6 REXBURG ID              409584  12/01",-32.58,DEBIT_CARD,117.84,,
CREDIT,12/01/2017,"BRIGHAM YOUNG UN PAYROLL                    PPD ID: 3820207699",114.34,ACH_CREDIT,150.42,,
DEBIT,11/29/2017,"BYU I FD SRVCS REXBURG ID                    11/28",-7.82,DEBIT_CARD,36.08,,
DEBIT,11/28/2017,"BYU I FD SRVCS REXBURG ID                    11/27",-5.69,DEBIT_CARD,43.90,,
DEBIT,11/27/2017,"Online Transfer to CHK ...6809 transaction#: 6698308568 11/27",-45.00,ACCT_XFER,49.59,,
CREDIT,11/24/2017,"Cafe Rio         XXXXXXXXXX                 PPD ID: 9000051066",84.74,ACH_CREDIT,94.59,,
DEBIT,11/21/2017,"LDS CHURCH       DONATION   24907337        WEB ID: 2870834341",-16.50,ACH_DEBIT,9.85,,
DEBIT,11/20/2017,"SMITHS-FUEL #9207 SARATOGA SPRI UT           11/19",-26.50,DEBIT_CARD,26.35,,
DEBIT,11/20/2017,"WM SUPERCENTER # SARATOGA SPRI UT    057530  11/18",-7.48,DEBIT_CARD,52.85,,
DEBIT,11/20/2017,"SQ *PUPPYBARNCARESFO American Fork UT        11/18",-2.14,DEBIT_CARD,60.33,,
DEBIT,11/20/2017,"CAFE ZUPAS - AM FORK AMERICAN FORK UT        11/18",-12.38,DEBIT_CARD,62.47,,
DEBIT,11/20/2017,"BYU CONCESSIONS    Q51 PROVO UT              11/18",-5.00,DEBIT_CARD,74.85,,
DEBIT,11/20/2017,"BYU CONCESSIONS    Q51 PROVO UT              11/18",-5.00,DEBIT_CARD,79.85,,
DEBIT,11/20/2017,"PANDA EXPRESS #2270 SARATOGA SPRI UT         11/17",-7.65,DEBIT_CARD,84.85,,
DEBIT,11/20/2017,"CONOCO - GREAT SCOTT 1 REXBURG ID            11/17",-28.27,DEBIT_CARD,92.50,,
CREDIT,11/20/2017,"Online Transfer from CHK ...6447 transaction#: 6679985898",40.00,ACCT_XFER,120.77,,
DEBIT,11/17/2017,"Online Transfer to CHK ...6809 transaction#: 6677610480 11/17",-85.00,ACCT_XFER,80.77,,
CREDIT,11/17/2017,"BRIGHAM YOUNG UN PAYROLL                    PPD ID: 3820207699",162.96,ACH_CREDIT,165.77,,
DEBIT,11/16/2017,"CAFE RIO REXBURG REXBURG ID                  11/15",-4.75,DEBIT_CARD,2.81,,
DEBIT,11/14/2017,"BROULIM'S #6 REXBURG ID              390796  11/14",-15.39,DEBIT_CARD,7.56,,
DEBIT,11/13/2017,"ARBYS OF REXBURG REXBURG ID                  11/11",-15.23,DEBIT_CARD,22.95,,
DEBIT,11/13/2017,"Online Transfer to CHK ...6809 transaction#: 6661068218 11/13",-50.00,ACCT_XFER,38.18,,
CREDIT,11/10/2017,"Cafe Rio         XXXXXXXXXX                 PPD ID: 9000051066",71.06,ACH_CREDIT,88.18,,
DEBIT,11/08/2017,"DSC*DOLLAR SHAVE CLUB 866-2232780 CA         11/07",-9.00,DEBIT_CARD,17.12,,
DEBIT,11/08/2017,"LDS CHURCH       DONATION   24544036        WEB ID: 2870834341",-18.00,ACH_DEBIT,26.12,,
DEBIT,11/08/2017,"LDS CHURCH       DONATION   24560291        WEB ID: 2870834341",-25.00,ACH_DEBIT,44.12,,
DEBIT,11/07/2017,"BROULIM'S #6 REXBURG ID              416693  11/07",-16.26,DEBIT_CARD,69.12,,
DEBIT,11/07/2017,"Online Transfer to CHK ...6809 transaction#: 6651430966 11/07",-150.00,ACCT_XFER,85.38,,
DEBIT,11/06/2017,"SQ *THE COCOA BEAN NORT Rexburg ID           11/04",-5.67,DEBIT_CARD,235.38,,
DEBIT,11/03/2017,"BROULIM'S #6 REXBURG ID              970041  11/03",-4.84,DEBIT_CARD,241.05,,
CREDIT,11/03/2017,"BRIGHAM YOUNG UN PAYROLL                    PPD ID: 3820207699",119.28,ACH_CREDIT,245.89,,
DEBIT,10/31/2017,"Spotify USA 646-8375380 NY                   10/30",-5.33,DEBIT_CARD,126.61,,
DEBIT,10/30/2017,"MCDONALD'S F36056 REXBURG ID                 10/28",-6.02,DEBIT_CARD,131.94,,
DEBIT,10/30/2017,"BYU I FD SRVCS REXBURG ID                    10/27",-1.90,DEBIT_CARD,137.96,,
DEBIT,10/27/2017,"WAL Wal-Mart Super 422 REXBURG ID    457126  10/27",-42.82,DEBIT_CARD,139.86,,
CREDIT,10/27/2017,"Online Transfer from CHK ...6447 transaction#: 6622646892",30.00,ACCT_XFER,182.68,,
CREDIT,10/27/2017,"Cafe Rio         XXXXXXXXXX                 PPD ID: 9000051066",130.58,ACH_CREDIT,152.68,,
DEBIT,10/26/2017,"MCDONALD'S F36056 REXBURG ID                 10/24",-7.19,DEBIT_CARD,22.10,,
DEBIT,10/24/2017,"room choice inc  room choic TheTowers(208)3 CCD ID: 2270465600",-150.00,ACH_DEBIT,29.29,,
DEBIT,10/24/2017,"Online Transfer to CHK ...6809 transaction#: 6615757279 10/24",-75.00,ACCT_XFER,179.29,,
CREDIT,10/24/2017,"WIRECARD         WD ACH                     PPD ID: 4522029986",75.00,ACH_CREDIT,254.29,,
DEBIT,10/23/2017,"BROULIM'S #6 REXBURG ID              334918  10/21",-3.16,DEBIT_CARD,179.29,,
DEBIT,10/23/2017,"FROSTOP 208-6527762 ID                       10/21",-18.85,DEBIT_CARD,182.45,,
DEBIT,10/23/2017,"MAVERIK #505 REXBURG ID              521319  10/21",-4.32,DEBIT_CARD,201.30,,
CREDIT,10/23/2017,"Online Transfer from CHK ...6447 transaction#: 6612187120",75.00,ACCT_XFER,205.62,,
CREDIT,10/20/2017,"BRIGHAM YOUNG UN PAYROLL                    PPD ID: 3820207699",89.40,ACH_CREDIT,130.62,,
DEBIT,10/19/2017,"EdgeCreek LLC    WEB PMTS   KYKZZ           WEB ID: 9084434801",-450.00,ACH_DEBIT,41.22,,
CREDIT,10/18/2017,"Online Transfer from CHK ...6809 transaction#: 6601524751",450.00,ACCT_XFER,491.22,,
DEBIT,10/17/2017,"Online Transfer to CHK ...6809 transaction#: 6599020074 10/17",-50.00,ACCT_XFER,41.22,,
DEBIT,10/16/2017,"PANDA EXPRESS 2734 REXBURG ID                10/14",-7.53,DEBIT_CARD,91.22,,
DEBIT,10/16/2017,"DOLLAR TREE REXBURG ID               037890  10/14",-5.30,DEBIT_CARD,98.75,,
DEBIT,10/16/2017,"LITTLE CAESARS 1273 000 REXBURG ID           10/14",-5.30,DEBIT_CARD,104.05,,
DEBIT,10/16/2017,"CONOCO - GREAT SCOTT 1 REXBURG ID            10/14",-35.41,DEBIT_CARD,109.35,,
CREDIT,10/13/2017,"Online Transfer from CHK ...6447 transaction#: 6589068655",50.00,ACCT_XFER,144.76,,
CREDIT,10/13/2017,"Cafe Rio         XXXXXXXXXX                 PPD ID: 9000051066",86.52,ACH_CREDIT,94.76,,
DEBIT,10/12/2017,"BROULIM'S #6 REXBURG ID              995796  10/11",-2.65,DEBIT_CARD,8.24,,
DEBIT,10/12/2017,"PTITHE ESCAPE HOUS 3022120477 CA             10/11",-24.00,DEBIT_CARD,10.89,,
DEBIT,10/12/2017,"SONIC DRIVE IN #6594 REXBURG ID              10/11",-6.77,DEBIT_CARD,34.89,,
CREDIT,10/12/2017,"Online Transfer from CHK ...6809 transaction#: 6586690264",10.00,ACCT_XFER,41.66,,
DEBIT,10/11/2017,"LDS CHURCH       DONATION   23540411        WEB ID: 2870834341",-15.40,ACH_DEBIT,31.66,,
DEBIT,10/11/2017,"BROULIM'S #6 REXBURG ID              235645  10/10",-9.20,DEBIT_CARD,47.06,,
DEBIT,10/11/2017,"CAFE RIO REXBURG REXBURG ID                  10/10",-4.75,DEBIT_CARD,56.26,,
DEBIT,10/11/2017,"TAQUERIA EL RANCHO REXBURG ID                10/10",-11.13,DEBIT_CARD,61.01,,
DEBIT,10/11/2017,"FAT CAT OF REXBURG REST LEHI UT              09/30",-3.98,DEBIT_CARD,72.14,,
DEBIT,10/10/2017,"IN *SODAVINE RESBURG ID              216337  10/09",-3.18,DEBIT_CARD,76.12,,
DEBIT,10/10/2017,"SONIC DRIVE IN #4926 BRIGHAM CITY UT         10/07",-8.27,DEBIT_CARD,79.30,,
DEBIT,10/10/2017,"NIGHTMARE ON 13TH SALT LAKE CIT UT           10/08",-22.00,DEBIT_CARD,87.57,,
DEBIT,10/10/2017,"GREAT SCOTTS LLC REXBURG ID                  10/06",-3.89,DEBIT_CARD,109.57,,
DEBIT,10/10/2017,"BYU I FD SRVCS REXBURG ID                    10/06",-6.13,DEBIT_CARD,113.46,,
CREDIT,10/06/2017,"BRIGHAM YOUNG UN PAYROLL                    PPD ID: 3820207699",104.29,ACH_CREDIT,119.59,,
DEBIT,10/04/2017,"WAL-MART #1878 REXBURG ID            630942  10/04",-18.76,DEBIT_CARD,15.30,,
DEBIT,10/04/2017,"REXBURG DI REXBURG ID                401605  10/04",-5.30,DEBIT_CARD,34.06,,
DEBIT,10/03/2017,"CMSVEND*BYU -IDAHO REXBURG ID                10/02",-1.25,DEBIT_CARD,39.36,,
DEBIT,10/02/2017,"Spotify USA 646-8375380 NY                   09/30",-5.33,DEBIT_CARD,40.61,,
DEBIT,10/02/2017,"BROULIM'S #6 REXBURG ID              792471  09/30",-9.19,DEBIT_CARD,45.94,,
DEBIT,10/02/2017,"CMSVEND*BYU -IDAHO REXBURG ID                09/29",-1.25,DEBIT_CARD,55.13,,
DEBIT,09/29/2017,"EdgeCreek LLC    WEB PMTS   ZD8GZ           WEB ID: 9084434801",-450.00,ACH_DEBIT,56.38,,
DEBIT,09/29/2017,"TACO BELL 029852 REXBURG ID                  09/28",-3.58,DEBIT_CARD,506.38,,
DEBIT,09/28/2017,"BYU-IDAHO UNIV STORE REXBURG ID              09/27",-17.97,DEBIT_CARD,509.96,,
DEBIT,09/28/2017,"SPINE & SPORT PHYSICAL REXBURG ID            09/27",-50.00,DEBIT_CARD,527.93,,
DEBIT,09/28/2017,"DONGS SUSHI BAR & ASIAN REXBURG ID           09/26",-11.34,DEBIT_CARD,577.93,,
CREDIT,09/28/2017,"Online Transfer from CHK ...6809 transaction#: 6550070813",500.00,ACCT_XFER,589.27,,
DEBIT,09/27/2017,"WAL Wal-Mart Super 142 REXBURG ID    373171  09/27",-25.65,DEBIT_CARD,89.27,,
CREDIT,09/27/2017,"Online Transfer from CHK ...6809 transaction#: 6547823577",70.00,ACCT_XFER,114.92,,
DEBIT,09/26/2017,"SPINE & SPORT PHYSICAL REXBURG ID            09/25",-25.00,DEBIT_CARD,44.92,,
DEBIT,09/25/2017,"WAL-MART #1878 REXBURG ID            022669  09/23",-13.34,DEBIT_CARD,69.92,,
DEBIT,09/25/2017,"SQ *LOS LOCOS LLC Rexburg ID                 09/22",-4.24,DEBIT_CARD,83.26,,
DEBIT,09/25/2017,"BYU-IDAHO TICKETOFFIC 208-496-3170 ID        09/23",-12.00,DEBIT_CARD,87.50,,
DEBIT,09/25/2017,"CMSVEND*BYU -IDAHO REXBURG ID                09/22",-1.25,DEBIT_CARD,99.50,,
DEBIT,09/22/2017,"TACO BELL 029852 REXBURG ID                  09/21",-5.82,DEBIT_CARD,100.75,,
DEBIT,09/21/2017,"EdgeCreek LLC    WEB PMTS   4HVCZ           WEB ID: 9084434801",-469.00,ACH_DEBIT,106.57,,
DEBIT,09/21/2017,"BYU IDAHO        BYUIDAHO   913787411       WEB ID: 2820207699",-1005.00,ACH_DEBIT,575.57,,
DEBIT,09/21/2017,"WAL-MART #1878 REXBURG ID            063485  09/21",-42.60,DEBIT_CARD,1580.57,,
DEBIT,09/20/2017,"BOOK VIKING REXBURG ID               584862  09/20",-21.20,DEBIT_CARD,1623.17,,
DEBIT,09/20/2017,"TAQUERIA EL RANCHO REXBURG ID                09/19",-6.36,DEBIT_CARD,1644.37,,
CREDIT,09/20/2017,"Online Transfer from CHK ...6809 transaction#: 6531931386",150.00,ACCT_XFER,1650.73,,
DEBIT,09/19/2017,"SPINE & SPORT PHYSICAL REXBURG ID            09/18",-25.00,DEBIT_CARD,1500.73,,
DEBIT,09/18/2017,"BROULIM'S #6 REXBURG ID              385055  09/16",-36.00,DEBIT_CARD,1525.73,,
DEBIT,09/18/2017,"UPPER VALLEY FAMILY PR REXBURG ID            09/14",-25.00,DEBIT_CARD,1561.73,,
DEBIT,09/18/2017,"BOOK VIKING REXBURG ID                       09/14",26.50,DEBIT_CARD,1586.73,,
CREDIT,09/15/2017,"Online Transfer from CHK ...6447 transaction#: 6519586175",35.00,ACCT_XFER,1560.23,,
CREDIT,09/15/2017,"Online Transfer from CHK ...6809 transaction#: 6519877347",1500.00,ACCT_XFER,1525.23,,
DEBIT,09/13/2017,"WAL-MART #1878 REXBURG ID            047495  09/13",-10.08,DEBIT_CARD,25.23,,
DEBIT,09/12/2017,"RETURNED ITEM FEE FOR AN UNPAID CHECK #1009 IN THE AMOUNT OF $460.00",-34.00,FEE_TRANSACTION,35.31,,
DEBIT,09/11/2017,"WAL-MART #1878 REXBURG ID            028694  09/11",-43.04,DEBIT_CARD,69.31,,
DEBIT,09/11/2017,"BOOK VIKING REXBURG ID               736703  09/11",-51.94,DEBIT_CARD,112.35,,
DEBIT,09/11/2017,"MCDONALD'S F5997 SPANISH FORK UT             09/08",-7.06,DEBIT_CARD,164.29,,
DEBIT,09/11/2017,"PRO IMAGE SPORTS 614 OREM UT                 09/08",-1.06,DEBIT_CARD,171.35,,
DEBIT,09/11/2017,"COLDSTONE #23234 AMERICAN FORK UT            09/07",-5.38,DEBIT_CARD,172.41,,
CREDIT,09/11/2017,"Online Transfer from CHK ...6809 transaction#: 6507862953",60.00,ACCT_XFER,177.79,,
CREDIT,09/11/2017,"Online Transfer from CHK ...6447 transaction#: 6507866317",100.00,ACCT_XFER,117.79,,
DEBIT,09/08/2017,"DSC*DOLLAR SHAVE CLUB 866-2232780 CA         09/07",-9.00,DEBIT_CARD,17.79,,
DEBIT,09/08/2017,"MURPHY EXPRESS 8800 SARATOGA SPRI UT         09/07",-32.57,DEBIT_CARD,26.79,,
DEBIT,09/06/2017,"WENDYS #6076 PROVO UT                        09/05",-2.04,DEBIT_CARD,59.36,,
DEBIT,09/05/2017,"IGGY'S SANDY SANDY UT                        09/03",-16.63,DEBIT_CARD,61.40,,
DEBIT,09/05/2017,"UVU FOOD SERVICES OREM UT                    09/01",-5.71,DEBIT_CARD,78.03,,
DEBIT,09/01/2017,"Online Transfer to CHK ...6809 transaction#: 6488196491 09/01",-200.00,ACCT_XFER,83.74,,
DEBIT,09/01/2017,"UVU VISITOR PARKING OREM UT                  08/31",-4.00,DEBIT_CARD,283.74,,
DEBIT,08/31/2017,"Spotify USA 646-8375380 NY                   08/30",-5.33,DEBIT_CARD,287.74,,
DEBIT,08/30/2017,"SWIG 5 PROVO PROVO UT                        08/29",-4.48,DEBIT_CARD,293.07,,
DEBIT,08/28/2017,"TB #541 BOUNTIFUL UT                         08/25",-10.01,DEBIT_CARD,297.55,,
DEBIT,08/28/2017,"MAVERIK CNTRY STRE BLUFFDALE UT              08/25",-33.93,DEBIT_CARD,307.56,,
DEBIT,08/21/2017,"FIVE GUYS UT 1812 QSR LEHI UT                08/17",-17.42,DEBIT_CARD,341.49,,
DEBIT,08/18/2017,"VENMO* Visa Direct NY                        08/17",-155.00,DEBIT_CARD,358.91,,
DEBIT,08/18/2017,"ARBYS 0103 OREM UT                           08/17",-5.06,DEBIT_CARD,513.91,,
DEBIT,08/17/2017,"MACEY'S 8TH NORTH OREM UT            358062  08/16",-1.83,DEBIT_CARD,518.97,,
DEBIT,08/17/2017,"PHR*PremierFamilyMedic 801-7563511 UT        08/16",-25.00,DEBIT_CARD,520.80,,
DSLIP,08/17/2017,"REMOTE ONLINE DEPOSIT #          1",107.00,CHECK_DEPOSIT,545.80,1,
CREDIT,08/16/2017,"GUNTHERS         Gunthers                   PPD ID: 1870259802",375.65,ACH_CREDIT,438.80,,
DEBIT,08/15/2017,"LITTLE CAESARS 039 SARATOGA SPGS UT          08/14",-10.78,DEBIT_CARD,63.15,,
DEBIT,08/14/2017,"MAVERIK  #327 SALT LAKE CIT UT               08/11",-4.57,DEBIT_CARD,73.93,,
DEBIT,08/14/2017,"MCDONALD'S F31710 SARATOGA SPRI UT           08/10",-3.22,DEBIT_CARD,78.50,,
DEBIT,08/11/2017,"SQ *DAYLIGHT DONUTS Saratoga Spri UT         08/11",-2.98,DEBIT_CARD,81.72,,
DEBIT,08/11/2017,"MAVERIK  #327 SALT LAKE CIT UT               08/10",-4.57,DEBIT_CARD,84.70,,
DEBIT,08/10/2017,"KNEADERS OF SARATOGA SARATOGA SPRI UT        08/08",-12.37,DEBIT_CARD,89.27,,
DEBIT,08/09/2017,"Online Transfer to CHK ...6809 transaction#: 6430230956 08/09",-750.00,ACCT_XFER,101.64,,
CREDIT,08/09/2017,"GUNTHERS         Gunthers                   PPD ID: 1870259802",373.00,ACH_CREDIT,851.64,,
DEBIT,08/08/2017,"SMITHS SARATOGA SPRI UT              033236  08/08",-11.71,DEBIT_CARD,478.64,,
DEBIT,08/08/2017,"SWIG 7 LEHI LEHI UT                          08/07",-7.58,DEBIT_CARD,490.35,,
DEBIT,08/07/2017,"EXXONMOBIL    480754 AMERICAN FORK UT        08/04",-2.46,DEBIT_CARD,497.93,,
DEBIT,08/07/2017,"MCDONALD'S F17330 LEHI UT                    08/03",-3.76,DEBIT_CARD,500.39,,
DEBIT,08/04/2017,"SQ *DAYLIGHT DONUTS Saratoga Spri UT         08/04",-2.98,DEBIT_CARD,504.15,,
DEBIT,08/04/2017,"LITTLE CAESARS 039 SARATOGA SPGS UT          08/03",-19.11,DEBIT_CARD,507.13,,
DEBIT,08/03/2017,"7-ELEVEN LEHI UT                     040170  08/03",-1.27,DEBIT_CARD,526.24,,
DEBIT,08/03/2017,"THANKSGIVING FOOD SERVI LEHI UT              08/01",-1.99,DEBIT_CARD,527.51,,
DEBIT,08/02/2017,"7-ELEVEN LEHI UT                     668592  08/02",-2.41,DEBIT_CARD,529.50,,
CREDIT,08/02/2017,"GUNTHERS         Gunthers                   PPD ID: 1870259802",369.53,ACH_CREDIT,531.91,,
DEBIT,07/31/2017,"Spotify USA 646-8375380 NY                   07/30",-5.33,DEBIT_CARD,162.38,,
DEBIT,07/31/2017,"SQ *DAYLIGHT DONUTS Saratoga Spri UT         07/31",-2.98,DEBIT_CARD,167.71,,
DEBIT,07/31/2017,"KNEADERS OF SARATOGA SARATOGA SPRI UT        07/29",-7.94,DEBIT_CARD,170.69,,
DEBIT,07/31/2017,"7-ELEVEN OREM UT                     918978  07/29",-3.13,DEBIT_CARD,178.63,,
DEBIT,07/31/2017,"MACEY'S 8TH NORTH OREM UT                    07/29 Purchase $10.06 Cash Back $10.00",-20.06,DEBIT_CARD,181.76,,
DEBIT,07/31/2017,"WWW.REDBUBBLE.COM REDBUBBLE.COM CA           07/28",-9.84,DEBIT_CARD,201.82,,
DEBIT,07/31/2017,"MCDONALD'S F31710 SARATOGA SPRI UT           07/28",-3.22,DEBIT_CARD,211.66,,
DEBIT,07/27/2017,"HOLIDAY OIL #55 LEHI UT              186248  07/27",-4.00,DEBIT_CARD,214.88,,
DEBIT,07/25/2017,"LDS CHURCH       DONATION   21121380        WEB ID: 2870834341",-50.00,ACH_DEBIT,218.88,,
DEBIT,07/25/2017,"MCDONALD'S F34272 CEDAR HILLS UT             07/24",-5.24,DEBIT_CARD,268.88,,
DEBIT,07/24/2017,"LITTLE CAESARS 039 SARATOGA SPGS UT          07/22",-10.78,DEBIT_CARD,274.12,,
DEBIT,07/24/2017,"MAVERIK #517 VINEYARD UT                     07/22",-30.00,DEBIT_CARD,284.90,,
DEBIT,07/24/2017,"TACO BELL UNVRSTY 24777 OREM UT              07/22",-2.69,DEBIT_CARD,314.90,,
DEBIT,07/21/2017,"CAFE RIO SARATOGA SARATOGA SPRI UT           07/20",-3.65,DEBIT_CARD,317.59,,
CREDIT,07/21/2017,"Cafe Rio         XXXXXXXXXX                 PPD ID: 9000051066",280.78,ACH_CREDIT,321.24,,
CREDIT,07/20/2017,"Online Transfer from CHK ...6809 transaction#: 6381957721",40.00,ACCT_XFER,40.46,,
DEBIT,07/19/2017,"GREAT SCOTTS LLC REXBURG ID                  07/18",-20.00,DEBIT_CARD,0.46,,
DEBIT,07/17/2017,"WAL-MART #1878 REXBURG ID            014954  07/15",-2.91,DEBIT_CARD,20.46,,
DEBIT,07/17/2017,"JB'S RESTAURANT #389 REXBURG ID              07/15",-15.75,DEBIT_CARD,23.37,,
DEBIT,07/17/2017,"FONG'S RESTAURANT REXBURG ID                 07/14",-11.11,DEBIT_CARD,39.12,,
DEBIT,07/13/2017,"ALBERTSONS STORE  0171 REXBURG ID    040465  07/13",-6.83,DEBIT_CARD,50.23,,
DEBIT,07/13/2017,"SONIC DRIVE IN #6594 REXBURG ID              07/12",-4.01,DEBIT_CARD,57.06,,
DEBIT,07/11/2017,"Online Transfer to CHK ...6809 transaction#: 6360299084 07/11",-200.00,ACCT_XFER,61.07,,
CREDIT,07/11/2017,"Online Transfer from CHK ...6809 transaction#: 6360297856",100.00,ACCT_XFER,261.07,,
DEBIT,07/10/2017,"AmazonPrime Membersh amzn.com/prme WA        07/09",-49.00,DEBIT_CARD,161.07,,
DEBIT,07/10/2017,"AmazonPrime Membersh amzn.com/prme WA        07/09",-51.94,DEBIT_CARD,210.07,,
DEBIT,07/10/2017,"Online Transfer to CHK ...6447 transaction#: 6358534429 07/10",-270.00,ACCT_XFER,262.01,,
DEBIT,07/10/2017,"CONOCO - GREAT SCOTT 1 REXBURG ID            07/10",-10.15,DEBIT_CARD,532.01,,
CREDIT,07/10/2017,"Online Transfer from CHK ...6809 transaction#: 6358461170",100.00,ACCT_XFER,542.16,,
DEBIT,07/10/2017,"AmazonPrime Membersh amzn.com/prme WA        07/09",49.00,DEBIT_CARD,442.16,,
DEBIT,07/10/2017,"AmazonPrime Membersh amzn.com/prme WA        07/09",51.94,DEBIT_CARD,393.16,,
CREDIT,07/07/2017,"Cafe Rio         XXXXXXXXXX                 PPD ID: 9000051066",63.58,ACH_CREDIT,341.22,,
CREDIT,07/07/2017,"Online Transfer from CHK ...6809 transaction#: 6352767101",275.00,ACCT_XFER,277.64,,
DEBIT,07/05/2017,"MAVERIK #505 REXBURG ID                      07/04",-8.25,DEBIT_CARD,2.64,,
DEBIT,07/05/2017,"BYU I FD SRVCS REXBURG ID                    07/03",-2.95,DEBIT_CARD,10.89,,
DEBIT,07/03/2017,"Spotify USA 646-8375380 NY                   06/30",-5.33,DEBIT_CARD,13.84,,
DEBIT,07/03/2017,"BROULIM'S #6 REXBURG ID              025159  07/01",-5.47,DEBIT_CARD,19.17,,
DEBIT,07/03/2017,"FRESCO KITCHEN & GRILL REXBURG ID            07/01",-13.77,DEBIT_CARD,24.64,,
DEBIT,07/03/2017,"BYU I FD SRVCS REXBURG ID                    06/30",-1.90,DEBIT_CARD,38.41,,
DEBIT,07/03/2017,"BYU I FD SRVCS REXBURG ID                    06/30",-7.42,DEBIT_CARD,40.31,,
DEBIT,06/29/2017,"LITTLE CAESARS 1273 000 REXBURG ID           06/28",-5.30,DEBIT_CARD,47.73,,
DEBIT,06/27/2017,"CONOCO - HB BOYS REXBUR REXBURG ID           06/26",-27.34,DEBIT_CARD,53.03,,
DEBIT,06/26/2017,"BROULIM'S #6 REXBURG ID              726757  06/24",-10.89,DEBIT_CARD,80.37,,
DEBIT,06/23/2017,"LDS CHURCH       DONATION   20153678        WEB ID: 2870834341",-37.00,ACH_DEBIT,91.26,,
DEBIT,06/23/2017,"WAL Wal-Mart Super 511 REXBURG ID    744257  06/23",-42.65,DEBIT_CARD,128.26,,
CREDIT,06/23/2017,"Cafe Rio         XXXXXXXXXX                 PPD ID: 9000051066",141.51,ACH_CREDIT,170.91,,
DEBIT,06/22/2017,"BYU-IDAHO TICKETOFFIC 208-496-3170 ID        06/22",-6.00,DEBIT_CARD,29.40,,
DEBIT,06/21/2017,"WAL Wal-Mart Super 420 REXBURG ID    283650  06/21",-36.76,DEBIT_CARD,35.40,,
DEBIT,06/21/2017,"Online Transfer to CHK ...6809 transaction#: 6312017855 06/21",-50.00,ACCT_XFER,72.16,,
DEBIT,06/19/2017,"LAVA HOT SPRINGS LAVA HOT SPRI ID            06/17",-8.00,DEBIT_CARD,122.16,,
DEBIT,06/19/2017,"MIKE'S MARKET LAVA HOT SPRI ID       469379  06/17",-0.94,DEBIT_CARD,130.16,,
DEBIT,06/19/2017,"ARBY'S #1909 POCATELLO ID                    06/16",-11.63,DEBIT_CARD,131.10,,
DEBIT,06/19/2017,"CONOCO - GREAT SCOTT 1 REXBURG ID            06/16",-23.03,DEBIT_CARD,142.73,,
DEBIT,06/16/2017,"BYU-IDAHO UNIV STORE REXBURG ID              06/15",-31.80,DEBIT_CARD,165.76,,
DEBIT,06/09/2017,"BROULIM'S #6 REXBURG ID              426084  06/09",-10.59,DEBIT_CARD,197.56,,
DEBIT,06/09/2017,"FAT CAT OF REXBURG REST LEHI UT              06/03",-8.75,DEBIT_CARD,208.15,,
CREDIT,06/09/2017,"Cafe Rio         XXXXXXXXXX                 PPD ID: 9000051066",195.92,ACH_CREDIT,216.90,,
DEBIT,06/05/2017,"BROULIM'S #6 REXBURG ID              612503  06/03",-5.60,DEBIT_CARD,20.98,,
DEBIT,06/05/2017,"TAQUERIA EL RANCHO REXBURG ID                06/03",-6.36,DEBIT_CARD,26.58,,
DEBIT,06/05/2017,"WAL Wal-Mart Super 720 REXBURG ID    723974  06/03",-2.63,DEBIT_CARD,32.94,,
CREDIT,06/05/2017,"Online Transfer from CHK ...6809 transaction#: 6271731301",25.00,ACCT_XFER,35.57,,
DEBIT,06/02/2017,"TAQUERIA EL RANCHO REXBURG ID                06/01",-6.36,DEBIT_CARD,10.57,,
DEBIT,06/01/2017,"LITTLE CAESARS 1273 000 REXBURG ID           05/31",-5.30,DEBIT_CARD,16.93,,
DEBIT,05/31/2017,"ADY*Spotify P028691B https://www.s NY        05/30",-5.33,DEBIT_CARD,22.23,,
DEBIT,05/31/2017,"LDS CHURCH       DONATION   19421705        WEB ID: 2870834341",-22.50,ACH_DEBIT,27.56,,
DEBIT,05/31/2017,"DOLLAR TREE REXBURG ID               026548  05/31",-1.06,DEBIT_CARD,50.06,,
DEBIT,05/31/2017,"MCDONALD'S F5138 REXBURG ID                  05/29",-4.37,DEBIT_CARD,51.12,,
DEBIT,05/30/2017,"WAL Wal-Mart Super 551 REXBURG ID    068268  05/29",-21.61,DEBIT_CARD,55.49,,
DEBIT,05/30/2017,"CONOCO - GREAT SCOTT 1 REXBURG ID            05/29",-32.00,DEBIT_CARD,77.10,,
DEBIT,05/30/2017,"WAL Wal-Mart Super 550 REXBURG ID    004292  05/29",-10.12,DEBIT_CARD,109.10,,
DEBIT,05/30/2017,"WAL Wal-Mart Super 421 REXBURG ID    061718  05/27",-7.21,DEBIT_CARD,119.22,,
DEBIT,05/30/2017,"BROULIM'S #6 REXBURG ID              185702  05/26",-6.12,DEBIT_CARD,126.43,,
DEBIT,05/26/2017,"BROULIM'S #6 REXBURG ID              992734  05/26",-7.27,DEBIT_CARD,132.55,,
DEBIT,05/26/2017,"Online Transfer to CHK ...6809 transaction#: 6250526065 05/26",-49.00,ACCT_XFER,139.82,,
CREDIT,05/26/2017,"Cafe Rio         XXXXXXXXXX                 PPD ID: 9000051066",185.76,ACH_CREDIT,188.82,,
DEBIT,05/25/2017,"BROULIM'S #6 REXBURG ID              591652  05/25",-18.38,DEBIT_CARD,3.06,,
DEBIT,05/23/2017,"SUBWAY        04356168 REXBURG ID            05/22",-5.53,DEBIT_CARD,21.44,,
DEBIT,05/22/2017,"NWS IDAHO REPAIR RE230 REXBURG ID    000003  05/22",-106.00,DEBIT_CARD,26.97,,
DEBIT,05/22/2017,"WALGREENS STORE 164 E REXBURG ID     348736  05/20",-68.25,DEBIT_CARD,132.97,,
DEBIT,05/22/2017,"ALBERTSONS STORE  0171 REXBURG ID    574749  05/20",-17.60,DEBIT_CARD,201.22,,
DEBIT,05/22/2017,"SONIC DRIVE IN #6594 REXBURG ID              05/19",-2.11,DEBIT_CARD,218.82,,
DEBIT,05/22/2017,"UPPER VALLEY FAMILY PR REXBURG ID            05/19",-25.00,DEBIT_CARD,220.93,,
DEBIT,05/22/2017,"CHICK-FIL-A #02789 AMMON ID                  05/18",-9.91,DEBIT_CARD,245.93,,
CREDIT,05/22/2017,"Online Transfer from CHK ...6809 transaction#: 6240933343",50.00,ACCT_XFER,255.84,,
DEBIT,05/19/2017,"LDS CHURCH       DONATION   19141179        WEB ID: 2870834341",-25.00,ACH_DEBIT,205.84,,
DEBIT,05/19/2017,"EB POWER TO BECOME CO 801-413-7200 CA        05/18",-10.00,DEBIT_CARD,230.84,,
CREDIT,05/19/2017,"Online Transfer from CHK ...6809 transaction#: 6235172100",50.00,ACCT_XFER,240.84,,
CREDIT,05/19/2017,"Online Transfer from SAV ...7523 transaction#: 6236007045",100.00,ACCT_XFER,190.84,,
DEBIT,05/18/2017,"SODAVINE REXBURG ID                          05/13",-7.90,DEBIT_CARD,90.84,,
DEBIT,05/17/2017,"WAL-MART #1878 REXBURG ID            063113  05/17",-4.65,DEBIT_CARD,98.74,,
DEBIT,05/16/2017,"BROULIM'S #6 REXBURG ID              040507  05/15",-10.48,DEBIT_CARD,103.39,,
DEBIT,05/16/2017,"SQ *R ARCHERY COMBAT LL Rexburg ID           05/15",-12.72,DEBIT_CARD,113.87,,
DEBIT,05/15/2017,"BROULIM'S #6 REXBURG ID              185817  05/13",-4.75,DEBIT_CARD,126.59,,
DEBIT,05/15/2017,"WENDYS #0001 REXBURG ID                      05/12",-4.24,DEBIT_CARD,131.34,,
DEBIT,05/12/2017,"Online Transfer to CHK ...6809 transaction#: 6217153602 05/12",-50.00,ACCT_XFER,135.58,,
DEBIT,05/12/2017,"Online Transfer to CHK ...6809 transaction#: 6217153377 05/12",-120.00,ACCT_XFER,185.58,,
CREDIT,05/12/2017,"Cafe Rio         XXXXXXXXXX                 PPD ID: 9000051066",254.40,ACH_CREDIT,305.58,,
DEBIT,05/08/2017,"WAL Wal-Mart Super 852 REXBURG ID    349060  05/06",-39.76,DEBIT_CARD,51.18,,
CREDIT,05/08/2017,"Online Transfer from CHK ...6447 transaction#: 6207544835",50.00,ACCT_XFER,90.94,,
DEBIT,05/02/2017,"LDS CHURCH       DONATION   18597339        WEB ID: 2870834341",-133.00,ACH_DEBIT,40.94,,
DEBIT,05/02/2017,"BYU IDAHO        BYUIDAHO   913787411       WEB ID: 2820207699",-1075.03,ACH_DEBIT,173.94,,
DEBIT,05/01/2017,"Spotify USA 646-8375380 NY                   04/30",-5.33,DEBIT_CARD,1248.97,,
DEBIT,05/01/2017,"WAL Wal-Mart Super 121 REXBURG ID    376030  04/29",-7.42,DEBIT_CARD,1254.30,,
DEBIT,05/01/2017,"CONOCO - GREAT SCOTT 1 REXBURG ID            04/29",-31.92,DEBIT_CARD,1261.72,,
DEBIT,05/01/2017,"AMAZON MKTPLACE PMTS AMZN.COM/BILL WA        04/30",-7.99,DEBIT_CARD,1293.64,,
CREDIT,05/01/2017,"Online Transfer from CHK ...6809 transaction#: 6190297234",30.00,ACCT_XFER,1301.63,,
CREDIT,05/01/2017,"Online Transfer from CHK ...6809 transaction#: 6190281277",50.00,ACCT_XFER,1271.63,,
CREDIT,05/01/2017,"Online Transfer from CHK ...6809 transaction#: 6190291955",100.00,ACCT_XFER,1221.63,,
CREDIT,05/01/2017,"Online Transfer from CHK ...6809 transaction#: 6190280438",200.00,ACCT_XFER,1121.63,,
DEBIT,04/28/2017,"BROULIM'S #6 REXBURG ID              419328  04/28",-8.78,DEBIT_CARD,921.63,,
DEBIT,04/27/2017,"Amazon.com AMZN.COM/BILL WA                  04/27",-5.71,DEBIT_CARD,930.41,,
DEBIT,04/25/2017,"BYU-IDAHO UNIV STORE REXBURG ID              04/24",-61.97,DEBIT_CARD,936.12,,
DEBIT,04/25/2017,"7-ELEVEN 26749 PROVO UT                      04/23",-30.02,DEBIT_CARD,998.09,,
DEBIT,04/24/2017,"BROULIM'S #6 REXBURG ID              267279  04/24",-15.84,DEBIT_CARD,1028.11,,
DEBIT,04/24/2017,"JCWS RESTAURANT RIVER SOUTH JORDAN UT        04/23",-14.00,DEBIT_CARD,1043.95,,
DEBIT,04/24/2017,"LAGOON Q08         Q08 FARMINGTON UT         04/22",-11.85,DEBIT_CARD,1057.95,,
DEBIT,04/24/2017,"DONG'S SUSHI BAR & ASIA REXBURG ID           04/20",-14.61,DEBIT_CARD,1069.80,,
DEBIT,04/24/2017,"BYU-IDAHO TICKETOFFIC 208-496-3170 ID        04/21",-6.00,DEBIT_CARD,1084.41,,
DEBIT,04/20/2017,"CONOCO - GREAT SCOTT 1 REXBURG ID            04/20",-41.00,DEBIT_CARD,1090.41,,
DEBIT,04/20/2017,"BROULIM'S #6 REXBURG ID              227274  04/19",-31.17,DEBIT_CARD,1131.41,,
DEBIT,04/18/2017,"Amazon Services-Kindl 866-321-8851 WA        04/17",-35.66,DEBIT_CARD,1162.58,,
CHECK,04/17/2017,"CHECK 1008  ",-1319.00,CHECK_PAID,1198.24,1008,
DEBIT,04/17/2017,"WAL-MART #1878 REXBURG ID            018102  04/17",-13.24,DEBIT_CARD,2517.24,,
DEBIT,04/17/2017,"DONG'S SUSHI BAR & ASIA REXBURG ID           04/15",-12.40,DEBIT_CARD,2530.48,,
DEBIT,04/17/2017,"WAL-MART #1878 REXBURG ID            052699  04/15",-48.07,DEBIT_CARD,2542.88,,
DEBIT,04/17/2017,"BETOS SARATOGA SPRIN SARATOGA SPRI UT        04/15",-14.30,DEBIT_CARD,2590.95,,
DEBIT,04/17/2017,"JCWS RESTAURANT LEHI LEHI UT                 04/14",-10.12,DEBIT_CARD,2605.25,,
CREDIT,04/17/2017,"Online Transfer from CHK ...6809 transaction#: 6157388003",1000.00,ACCT_XFER,2615.37,,
DEBIT,04/14/2017,"LITTLE CAESARS 037 SALT LAKE CIT UT          04/13",-8.40,DEBIT_CARD,1615.37,,
DEBIT,04/14/2017,"CHUBBYS CAFE SARATOG SARATOGA SPRI UT        04/12",-9.69,DEBIT_CARD,1623.77,,
CREDIT,04/14/2017,"ADP TOTALSOURCE  DIRECT DEP                 PPD ID: 9111111102",440.64,ACH_CREDIT,1633.46,,
CREDIT,04/14/2017,"Online Transfer from CHK ...6809 transaction#: 6151565312",1000.00,ACCT_XFER,1192.82,,
DEBIT,04/13/2017,"WM SUPERCENTER # SARATOGA SPRI UT    019794  04/13",-6.87,DEBIT_CARD,192.82,,
DEBIT,04/12/2017,"DEL TACO #1088 SARATOGA SPRI UT              04/10",-2.16,DEBIT_CARD,199.69,,
DSLIP,04/12/2017,"REMOTE ONLINE DEPOSIT #          1",34.91,CHECK_DEPOSIT,201.85,1,
DSLIP,04/12/2017,"REMOTE ONLINE DEPOSIT #          1",45.30,CHECK_DEPOSIT,166.94,1,
DEBIT,04/11/2017,"WM SUPERCENTER # SARATOGA SPRI UT    044989  04/11",-2.43,DEBIT_CARD,121.64,,
DEBIT,04/11/2017,"AMERICAN FORK DI AMERICAN FORK UT    836924  04/11",-1.50,DEBIT_CARD,124.07,,
DEBIT,04/11/2017,"TACO BELL #29468 SARATOGA SPRI UT            04/10",-3.94,DEBIT_CARD,125.57,,
DEBIT,04/11/2017,"TACO BELL #29468 SARATOGA SPRI UT            04/10",-3.20,DEBIT_CARD,129.51,,
DEBIT,04/10/2017,"Online Transfer to CHK ...6809 transaction#: 6139132251 04/10",-1000.00,ACCT_XFER,132.71,,
DEBIT,04/10/2017,"MAVERIK #538 FILMORE UT              888173  04/08",-3.43,DEBIT_CARD,1132.71,,
DEBIT,04/10/2017,"DSC*DOLLAR SHAVE CLUB 866-2232780 CA         04/07",-1.00,DEBIT_CARD,1136.14,,
DEBIT,04/10/2017,"AMAZON MKTPLACE PMTS AMZN.COM/BILL WA        04/07",-49.99,DEBIT_CARD,1137.14,,
CREDIT,04/10/2017,"Online Transfer from CHK ...6447 transaction#: 6139131792",80.00,ACCT_XFER,1187.13,,
DEBIT,04/07/2017,"AMAZON MKTPLACE PMTS AMZN.COM/BILL WA        04/07",-5.89,DEBIT_CARD,1107.13,,
DEBIT,04/07/2017,"#03179 ALBERTSONS RANCHO BERNA CA    359405  04/06",-13.36,DEBIT_CARD,1113.02,,
DEBIT,04/06/2017,"VANS #079 CARLSBAD CA                447282  04/06",-78.52,DEBIT_CARD,1126.38,,
DEBIT,04/06/2017,"TARGET T-1410 San Diego CA           004033  04/06",-1.98,DEBIT_CARD,1204.90,,
CREDIT,04/06/2017,"IRS  TREAS 310     TAX REF                  PPD ID: 9111036170",317.00,ACH_CREDIT,1206.88,,
DEBIT,04/05/2017,"MARKET PLACE DELI SAN DIEGO CA               04/04",-2.47,DEBIT_CARD,889.88,,
DEBIT,04/04/2017,"#03179 ALBERTSONS RANCHO BERNA CA    593022  04/04",-5.36,DEBIT_CARD,892.35,,
DEBIT,03/31/2017,"Spotify USA 646-8375380 NY                   03/30",-5.33,DEBIT_CARD,897.71,,
CREDIT,03/31/2017,"ADP TOTALSOURCE  DIRECT DEP                 PPD ID: 9111111102",887.99,ACH_CREDIT,903.04,,
DEBIT,03/30/2017,"RALPHS LA JOLLA CA                   052770  03/30",-2.99,DEBIT_CARD,15.05,,
DEBIT,03/30/2017,"DESERET BOOK CO #61 LA JOLLA CA      700455  03/30",-16.15,DEBIT_CARD,18.04,,
DEBIT,03/29/2017,"VONS     Store  2349 POWAY CA        433323  03/29",-1.58,DEBIT_CARD,34.19,,
DEBIT,03/29/2017,"MARKET PLACE DELI SAN DIEGO CA               03/28",-3.98,DEBIT_CARD,35.77,,
DEBIT,03/28/2017,"MARKET PLACE DELI SAN DIEGO CA               03/27",-3.98,DEBIT_CARD,39.75,,
DEBIT,03/27/2017,"WAL Wal-Mart Super 251 POWAY CA      418181  03/27",-6.17,DEBIT_CARD,43.73,,
DEBIT,03/27/2017,"WAL Wal-Mart Super 022 POWAY CA      168747  03/25",-12.14,DEBIT_CARD,49.90,,
DEBIT,03/24/2017,"MARKET PLACE DELI SAN DIEGO CA               03/23",-3.98,DEBIT_CARD,62.04,,
DEBIT,03/23/2017,"LDS CHURCH       DONATION   17410838        WEB ID: 2870834341",-79.00,ACH_DEBIT,66.02,,
DEBIT,03/23/2017,"WAL-MART #1700 POWAY CA              061379  03/23",-3.39,DEBIT_CARD,145.02,,
DEBIT,03/23/2017,"WAL Wal-Mart Super 552 POWAY CA      841842  03/23",-66.43,DEBIT_CARD,148.41,,
CREDIT,03/23/2017,"Online Transfer from CHK ...6809 transaction#: 6097236212",60.00,ACCT_XFER,214.84,,
DEBIT,03/21/2017,"7-ELEVEN POWAY CA                    175132  03/21",-35.72,DEBIT_CARD,154.84,,
DEBIT,03/21/2017,"Online Transfer to CHK ...6809 transaction#: 6092769380 03/21",-600.00,ACCT_XFER,190.56,,
DEBIT,03/21/2017,"LA VECINDAD SAN DIEGO CA                     03/21",-6.73,DEBIT_CARD,790.56,,
DEBIT,03/21/2017,"KFC C191006 POWAY CA                         03/20",-5.92,DEBIT_CARD,797.29,,
DEBIT,03/20/2017,"WAL Wal-Mart Super 522 POWAY CA      813654  03/20",-4.56,DEBIT_CARD,803.21,,
DEBIT,03/20/2017,"#03179 ALBERTSONS RANCHO BERNA CA    265722  03/18",-10.35,DEBIT_CARD,807.77,,
DEBIT,03/17/2017,"SAN DIEGO TEMPLE SAN DIEGO CA                03/16",-2.50,DEBIT_CARD,818.12,,
DEBIT,03/17/2017,"PANDA EXPRESS #415 SAN DIEGO CA              03/16",-7.11,DEBIT_CARD,820.62,,
DEBIT,03/17/2017,"ARCH HEALTH PARTNER POWAY CA                 03/16",-25.00,DEBIT_CARD,827.73,,
CREDIT,03/17/2017,"ADP TOTALSOURCE  DIRECT DEP                 PPD ID: 9111111102",792.16,ACH_CREDIT,852.73,,
DEBIT,03/15/2017,"ARCO #42598 AMPM SAN DIEGO CA        840288  03/15",-32.75,DEBIT_CARD,60.57,,
DEBIT,03/15/2017,"SHELL OIL 57442736005 SAN DIEGO CA           03/14",-15.02,DEBIT_CARD,93.32,,
DEBIT,03/13/2017,"SAN JACK BOX T2E SAN DIEGO CA                03/13",-4.73,DEBIT_CARD,108.34,,
DEBIT,03/13/2017,"BURGERVILLE USA #46 PORTLAND OR              03/12",-9.19,DEBIT_CARD,113.07,,
DEBIT,03/10/2017,"STARBUCKS RETA300915 SAN FRANCISCO CA        03/09",-5.66,DEBIT_CARD,122.26,,
DEBIT,03/10/2017,"SAN PNDA EXP T2E SAN DIEGO CA                03/10",-11.62,DEBIT_CARD,127.92,,
CREDIT,03/09/2017,"Online Transfer from CHK ...6447 transaction#: 6063583451",100.00,ACCT_XFER,139.54,,
DEBIT,03/08/2017,"LDS CHURCH       DONATION   17005818        WEB ID: 2870834341",-166.00,ACH_DEBIT,39.54,,
DEBIT,03/08/2017,"DESERET BOOK CO #61 LA JOLLA CA      898040  03/08",-111.77,DEBIT_CARD,205.54,,
DEBIT,03/08/2017,"76 - UNITED PACIFIC 297 POWAY CA             03/08",-20.00,DEBIT_CARD,317.31,,
CREDIT,03/08/2017,"Online Transfer from CHK ...6809 transaction#: 6063079011",60.00,ACCT_XFER,337.31,,
DEBIT,03/07/2017,"Online Transfer to CHK ...6809 transaction#: 6058908650 03/07",-0.39,ACCT_XFER,277.31,,
DEBIT,03/07/2017,"Online Transfer to CHK ...6809 transaction#: 6058907615 03/07",-1200.00,ACCT_XFER,277.70,,
DEBIT,03/06/2017,"UNITED PACIFIC 2 POWAY CA            809423  03/04",-5.38,DEBIT_CARD,1477.70,,
DEBIT,03/06/2017,"COSTCO WHSE #0775 POWAY CA           436830  03/04",-1.56,DEBIT_CARD,1483.08,,
DEBIT,03/03/2017,"SAN DIEGO TEMPLE SAN DIEGO CA                03/02",-1.75,DEBIT_CARD,1484.64,,
DEBIT,03/03/2017,"MARKET PLACE DELI SAN DIEGO CA               03/02",-5.29,DEBIT_CARD,1486.39,,
CREDIT,03/03/2017,"ADP TOTALSOURCE  DIRECT DEP                 PPD ID: 9111111102",726.59,ACH_CREDIT,1491.68,,
DEBIT,03/01/2017,"Spotify USA 646-8375380 NY                   03/01",-5.33,DEBIT_CARD,765.09,,
DEBIT,03/01/2017,"CHEVRON 0092208 SAN DIEGO CA                 03/01",-32.00,DEBIT_CARD,770.42,,
DEBIT,02/27/2017,"SHELL Service Station SAN DIEGO CA   011265  02/27",-12.10,DEBIT_CARD,802.42,,
DEBIT,02/24/2017,"SAN DIEGO TEMPLE SAN DIEGO CA                02/23",-1.00,DEBIT_CARD,814.52,,
DEBIT,02/23/2017,"BEAR VALLEY SKI AND BIG BEAR LAKE CA         02/22",-8.62,DEBIT_CARD,815.52,,
DEBIT,02/21/2017,"WAL-MART #1700 POWAY CA                      02/20 Purchase $12.80 Cash Back $20.00",-32.80,DEBIT_CARD,824.14,,
DEBIT,02/17/2017,"WAL Wal-Mart Super 841 POWAY CA      683019  02/17",-9.95,DEBIT_CARD,856.94,,
DEBIT,02/17/2017,"WAL Wal-Mart Super 320 POWAY CA      679202  02/17",-19.13,DEBIT_CARD,866.89,,
DEBIT,02/17/2017,"ARCO #42350 POWAY CA                 542107  02/16",-30.35,DEBIT_CARD,886.02,,
DEBIT,02/17/2017,"SAN DIEGO TEMPLE SAN DIEGO CA                02/16",-1.00,DEBIT_CARD,916.37,,
DEBIT,02/17/2017,"LITTLE CAESARS 3154-000 POWAY CA             02/16",-5.40,DEBIT_CARD,917.37,,
DEBIT,02/17/2017,"ARCH HEALTH PARTNER POWAY CA                 02/16",-25.00,DEBIT_CARD,922.77,,
DEBIT,02/17/2017,"MARKET PLACE DELI SAN DIEGO CA               02/16",-7.69,DEBIT_CARD,947.77,,
CREDIT,02/17/2017,"ADP TOTALSOURCE  DIRECT DEP                 PPD ID: 9111111102",877.91,ACH_CREDIT,955.46,,
DEBIT,02/16/2017,"LDS CHURCH       DONATION   16340539        WEB ID: 2870834341",-88.00,ACH_DEBIT,77.55,,
CREDIT,02/16/2017,"Online Transfer from CHK ...6809 transaction#: 6013292977",70.00,ACCT_XFER,165.55,,
DEBIT,02/14/2017,"MARKET PLACE DELI SAN DIEGO CA               02/13",-2.09,DEBIT_CARD,95.55,,
DEBIT,02/13/2017,"UNITED      016233567 800-932-2732 TX        02/11",-71.80,DEBIT_CARD,97.64,,
DEBIT,02/13/2017,"DELTA AIR   00623729432 DELTA.COM CA         02/10",-126.80,DEBIT_CARD,169.44,,
CREDIT,02/13/2017,"Online Transfer from CHK ...6809 transaction#: 6001096141",220.00,ACCT_XFER,296.24,,
DEBIT,02/10/2017,"76 - UNITED OIL 046 SAN DIEGO CA             02/10",-39.00,DEBIT_CARD,76.24,,
DEBIT,02/10/2017,"PAPA JOHN'S #04541 406-590-7272 ID           02/10",-17.22,DEBIT_CARD,115.24,,
DEBIT,02/08/2017,"#03179 ALBERTSONS RANCHO BERNA CA    809540  02/07",-10.98,DEBIT_CARD,132.46,,
DEBIT,02/06/2017,"WINGS BEACHWEAR STR 1 SAN DIEGO CA           02/04",-12.93,DEBIT_CARD,143.44,,
DEBIT,02/03/2017,"Online Transfer to CHK ...6809 transaction#: 5983660528 02/03",-790.00,ACCT_XFER,156.37,,
CREDIT,02/03/2017,"ADP TOTALSOURCE  DIRECT DEP                 PPD ID: 9111111102",877.91,ACH_CREDIT,946.37,,
DEBIT,02/02/2017,"LDS CHURCH       DONATION   15920791        WEB ID: 2870834341",-88.80,ACH_DEBIT,68.46,,
DEBIT,02/02/2017,"7-ELEVEN POWAY CA                    798276  02/01",-38.01,DEBIT_CARD,157.26,,
DEBIT,01/31/2017,"Spotify USA 646-8375380 NY                   01/30",-5.33,DEBIT_CARD,195.27,,
DEBIT,01/30/2017,"#03179 ALBERTSONS RANCHO BERNA CA    019660  01/28",-65.69,DEBIT_CARD,200.60,,
CREDIT,01/30/2017,"Online Transfer from CHK ...6447 transaction#: 5967253920",200.00,ACCT_XFER,266.29,,
DEBIT,01/25/2017,"CHEVRON 0208578 SAN DIEGO CA                 01/24",-37.91,DEBIT_CARD,66.29,,
DEBIT,01/24/2017,"WWW.EDGECREEK.COM WWW.EDGECREEK UT           01/23",-180.00,DEBIT_CARD,104.20,,
DEBIT,01/23/2017,"ATM WITHDRAWAL                       008494  01/2311995 CAR",-20.00,ATM,284.20,,
DEBIT,01/23/2017,"MCDONALD'S F14228 CHULA VISTA CA             01/19",-11.21,DEBIT_CARD,304.20,,
CREDIT,01/23/2017,"ATM CHECK DEPOSIT 01/22 1412 W COMMERCE DR SARATOGA SPRI UT",150.00,ATM_DEPOSIT,315.41,,
DEBIT,01/20/2017,"RALPHS CHULA VISTA CA                058991  01/20",-0.38,DEBIT_CARD,165.41,,
DEBIT,01/17/2017,"WAL Wal-Mart Super 052 POWAY CA      390254  01/14",-9.37,DEBIT_CARD,165.79,,
DEBIT,01/17/2017,"7-ELEVEN POWAY CA                    722353  01/14",-37.56,DEBIT_CARD,175.16,,
DEBIT,01/09/2017,"WAL-MART #1700 POWAY CA              040173  01/09",-8.59,DEBIT_CARD,212.72,,
CREDIT,01/09/2017,"Online Transfer from CHK ...6447 transaction#: 5922573682",100.00,ACCT_XFER,221.31,,
DEBIT,01/05/2017,"DEL TACO #1088 SARATOGA SPRI UT              01/03",-3.23,DEBIT_CARD,121.31,,
DEBIT,01/05/2017,"DEL TACO #1088 SARATOGA SPRI UT              01/03",-2.56,DEBIT_CARD,124.54,,
DEBIT,01/03/2017,"ADY*Spotify P0166D03 https://www.s NY        12/30",-5.33,DEBIT_CARD,127.10,,
DEBIT,01/03/2017,"CHEESECAKE RENO RENO NV                      12/30",-25.22,DEBIT_CARD,132.43,,
CREDIT,12/30/2016,"Online Transfer from CHK ...6447 transaction#: 5903932742",100.00,ACCT_XFER,157.65,,
DEBIT,12/28/2016,"WAL Wal-Mart Super 222 RENO, NV      212506  12/28",-5.26,DEBIT_CARD,57.65,,
DEBIT,12/28/2016,"REDBOX *DVD RENTAL OAKBROOK TER IL           12/26",-1.60,DEBIT_CARD,62.91,,
DEBIT,12/27/2016,"WM SUPERCENTER # SARATOGA SPRI UT    006857  12/26",-2.95,DEBIT_CARD,64.51,,
DEBIT,12/27/2016,"WAL Wal-Mart Super 2 SARATOGA SPRI UT        12/24 Purchase $8.57 Cash Back $20.00",-28.57,DEBIT_CARD,67.46,,
CREDIT,12/27/2016,"ATM CHECK DEPOSIT 12/26 1412 W COMMERCE DR SARATOGA SPRI UT",50.00,ATM_DEPOSIT,96.03,,
DEBIT,12/21/2016,"QUILTED BEAR - AMERI AMERICAN FORK UT        12/20",-12.81,DEBIT_CARD,46.03,,
DEBIT,12/20/2016,"TARGET T-1814 American Fork UT       030643  12/20",-28.39,DEBIT_CARD,58.84,,
DEBIT,12/19/2016,"LDS CHURCH       DONATION   14615971        WEB ID: 2870834341",-22.00,ACH_DEBIT,87.23,,
DEBIT,12/19/2016,"RPS SLC AMERICAN PLA SALT LAKE CIT UT        12/17",-8.00,DEBIT_CARD,109.23,,
DEBIT,12/19/2016,"OLIVE GARDEN  000139 SALT LAKE CTY UT        12/17",-8.42,DEBIT_CARD,117.23,,
DEBIT,12/19/2016,"ARBY'S #7738 BLACKFOOT BLACKFOOT ID          12/17",-8.36,DEBIT_CARD,125.65,,
DEBIT,12/19/2016,"CONOCO - HB BOYS REXBUR REXBURG ID           12/17",-1.37,DEBIT_CARD,134.01,,
DEBIT,12/19/2016,"CONOCO - HB BOYS REXBUR REXBURG ID           12/17",-25.94,DEBIT_CARD,135.38,,
DEBIT,12/16/2016,"PARADISE DONUTS REXBURG ID                   12/14",-9.53,DEBIT_CARD,161.32,,
DEBIT,12/15/2016,"MCDONALD'S F5138 REXBURG ID                  12/13",-5.08,DEBIT_CARD,170.85,,
DEBIT,12/14/2016,"BROULIM'S #6 REXBURG ID              341440  12/14",-1.90,DEBIT_CARD,175.93,,
DEBIT,12/14/2016,"TACO BELL 029852 REXBURG ID                  12/13",-3.18,DEBIT_CARD,177.83,,
DEBIT,12/13/2016,"WALGREENS STORE 164 E REXBURG ID     636136  12/13",-18.00,DEBIT_CARD,181.01,,
DEBIT,12/13/2016,"WENDYS #0001 REXBURG ID                      12/12",-5.29,DEBIT_CARD,199.01,,
CREDIT,12/13/2016,"CITI PREPAID     CITI ACH                   PPD ID: 4522029986",43.00,ACH_CREDIT,204.30,,
DEBIT,12/12/2016,"DEL TACO #1088 SARATOGA SPRI UT              12/11",-9.10,DEBIT_CARD,161.30,,
DEBIT,12/12/2016,"WM SUPERCENTER # SARATOGA SPRI UT    015565  12/11",-27.38,DEBIT_CARD,170.40,,
DEBIT,12/12/2016,"KNEADERS OREM OREM UT                        12/10",-16.13,DEBIT_CARD,197.78,,
CREDIT,12/12/2016,"VENMO            CASHOUT                    PPD ID: 5264681992",70.00,ACH_CREDIT,213.91,,
DSLIP,12/09/2016,"REMOTE ONLINE DEPOSIT #          1",129.82,CHECK_DEPOSIT,143.91,1,
DEBIT,12/05/2016,"ROSS STORES #840 IDAHO FALLS ID      078328  12/03",-105.97,DEBIT_CARD,14.09,,
DEBIT,12/05/2016,"CITY OF IDAHO FALLS-IC IDAHO FALLS ID        12/03",-16.40,DEBIT_CARD,120.06,,
DEBIT,12/05/2016,"VIDANGEL.COM WWW.VIDANGEL. UT                12/02",-20.00,DEBIT_CARD,136.46,,
CREDIT,12/05/2016,"Online Transfer from CHK ...6809 transaction#: 5842931501",20.00,ACCT_XFER,156.46,,
CREDIT,12/05/2016,"Online Transfer from CHK ...6809 transaction#: 5842710777",30.00,ACCT_XFER,136.46,,
CREDIT,12/05/2016,"Online Transfer from CHK ...6809 transaction#: 5842913371",80.00,ACCT_XFER,106.46,,
DEBIT,12/02/2016,"CONOCO - GREAT SCOTT 1 REXBURG ID            12/01",-30.40,DEBIT_CARD,26.46,,
DEBIT,12/02/2016,"STEAMGAMES.COM42595229 425-9522985 WA        12/01",-4.99,DEBIT_CARD,56.86,,
DEBIT,12/01/2016,"Spotify USA 646-8375380 NY                   11/30",-5.33,DEBIT_CARD,61.85,,
DEBIT,12/01/2016,"Online Transfer to CHK ...6809 transaction#: 5836941799 12/01",-100.00,ACCT_XFER,67.18,,
CREDIT,12/01/2016,"VENMO            CASHOUT                    PPD ID: 5264681992",150.00,ACH_CREDIT,167.18,,
DEBIT,11/29/2016,"WAL-MART #1878 REXBURG ID            059813  11/28",-24.45,DEBIT_CARD,17.18,,
CREDIT,11/29/2016,"Online Transfer from CHK ...6809 transaction#: 5828308139",30.00,ACCT_XFER,41.63,,
DEBIT,11/28/2016,"DEL TACO #1088 SARATOGA SPRI UT              11/26",-4.72,DEBIT_CARD,11.63,,
DEBIT,11/28/2016,"DELTA AIR   00623648764 DELTA.COM CA         11/26",-264.20,DEBIT_CARD,16.35,,
DEBIT,11/28/2016,"Online Transfer to CHK ...6809 transaction#: 5823483127 11/28",-140.00,ACCT_XFER,280.55,,
CREDIT,11/28/2016,"Online Transfer from CHK ...6809 transaction#: 5823528822",260.00,ACCT_XFER,420.55,,
DEBIT,11/22/2016,"CHEVRON/PETROLEUM WHOL ELWOOD UT     814358  11/22",-1.68,DEBIT_CARD,160.55,,
CREDIT,11/22/2016,"Online Transfer from SAV ...7523 transaction#: 5814606818",100.00,ACCT_XFER,162.23,,
CREDIT,11/21/2016,"CITI PREPAID     CITI ACH                   PPD ID: 4522029986",40.00,ACH_CREDIT,62.23,,
DSLIP,11/21/2016,"REMOTE ONLINE DEPOSIT #          1",10.95,CHECK_DEPOSIT,22.23,1,
DEBIT,11/17/2016,"BROULIM'S #6 REXBURG ID                      11/17 Purchase $4.94 Cash Back $10.00",-14.94,DEBIT_CARD,11.28,,
CREDIT,11/17/2016,"Online Transfer from CHK ...6809 transaction#: 5805965531",10.00,ACCT_XFER,26.22,,
CREDIT,11/15/2016,"CITI PREPAID     CITI ACH                   PPD ID: 4522029986",10.00,ACH_CREDIT,16.22,,
DEBIT,11/14/2016,"LDS CHURCH       DONATION   13580838        WEB ID: 2870834341",-20.00,ACH_DEBIT,6.22,,
DEBIT,11/10/2016,"LDS CHURCH       DONATION   13553813        WEB ID: 2870834341",-13.00,ACH_DEBIT,26.22,,
DEBIT,11/09/2016,"CONOCO - GREAT SCOTT 1 REXBURG ID            11/08",-29.89,DEBIT_CARD,39.22,,
CREDIT,11/09/2016,"Online Transfer from CHK ...6809 transaction#: 5788147221",20.00,ACCT_XFER,69.11,,
CREDIT,11/08/2016,"CITI PREPAID     CITI ACH                   PPD ID: 4522029986",10.00,ACH_CREDIT,49.11,,
DEBIT,11/07/2016,"SQ *COCOA LODGE Rexburg ID                   11/05",-7.69,DEBIT_CARD,39.11,,
CREDIT,11/07/2016,"Online Transfer from CHK ...6809 transaction#: 5784605102",20.00,ACCT_XFER,46.80,,
DEBIT,11/03/2016,"WALGREENS #9918 REXBURG ID                   11/02",-18.00,DEBIT_CARD,26.80,,
DEBIT,11/03/2016,"UPPER VALLEY FAMILY PR REXBURG ID            11/01",-25.00,DEBIT_CARD,44.80,,
DEBIT,11/01/2016,"Online Transfer to CHK ...6809 transaction#: 5770144764 11/01",-40.00,ACCT_XFER,69.80,,
DEBIT,10/31/2016,"Spotify USA 646-8375380 NY                   10/30",-5.33,DEBIT_CARD,109.80,,
DEBIT,10/31/2016,"LDS CHURCH       DONATION   13146659        WEB ID: 2870834341",-23.00,ACH_DEBIT,115.13,,
DEBIT,10/31/2016,"BROULIM'S #6 REXBURG ID              493409  10/29",-10.95,DEBIT_CARD,138.13,,
CREDIT,10/31/2016,"CITI PREPAID     CITI ACH                   PPD ID: 4522029986",90.00,ACH_CREDIT,149.08,,
DEBIT,10/28/2016,"EdgeCreek LLC    WEB PMTS   V1NNR           WEB ID: 9084434801",-289.00,ACH_DEBIT,59.08,,
CREDIT,10/27/2016,"Online Transfer from CHK ...6809 transaction#: 5756842926",217.00,ACCT_XFER,348.08,,
CREDIT,10/27/2016,"ATM CHECK DEPOSIT 10/27 1412 W COMMERCE DR SARATOGA SPRI UT",100.00,ATM_DEPOSIT,131.08,,
CREDIT,10/20/2016,"ATM CHECK DEPOSIT 10/20 1412 W COMMERCE DR SARATOGA SPRI UT",13.00,ATM_DEPOSIT,31.08,,
CREDIT,10/13/2016,"VENMO            CASHOUT                    PPD ID: 5264681992",15.00,ACH_CREDIT,18.08,,
DEBIT,10/12/2016,"LDS CHURCH       DONATION   12661185        WEB ID: 2870834341",-170.00,ACH_DEBIT,3.08,,
DEBIT,10/11/2016,"BYU I FD SRVCS REXBURG ID                    10/10",-3.37,DEBIT_CARD,173.08,,
DEBIT,10/11/2016,"WAL-MART #1878 REXBURG ID            051733  10/09",-9.75,DEBIT_CARD,176.45,,
DEBIT,10/11/2016,"BYU I FD SRVCS REXBURG ID                    10/07",-4.58,DEBIT_CARD,186.20,,
CREDIT,10/11/2016,"Online Transfer from CHK ...6809 transaction#: 5721122428",10.00,ACCT_XFER,190.78,,
CREDIT,10/11/2016,"Online Transfer from CHK ...6809 transaction#: 5721119406",10.00,ACCT_XFER,180.78,,
DEBIT,10/05/2016,"BROULIM'S #6 REXBURG ID              843520  10/05",-7.38,DEBIT_CARD,170.78,,
CREDIT,10/05/2016,"Online Transfer from CHK ...6809 transaction#: 5709021914",160.00,ACCT_XFER,178.16,,
DEBIT,10/04/2016,"EdgeCreek LLC    WEB PMTS   1JS8R           WEB ID: 9084434801",-460.00,ACH_DEBIT,18.16,,
DEBIT,10/03/2016,"Spotify USA 646-8375380 NY                   09/30",-5.33,DEBIT_CARD,478.16,,
DEBIT,10/03/2016,"BROULIM'S #6 REXBURG ID                      10/01 Purchase $8.23 Cash Back $20.00",-28.23,DEBIT_CARD,483.49,,
CREDIT,10/03/2016,"Online Transfer from CHK ...6809 transaction#: 5701024948",300.00,ACCT_XFER,511.72,,
DEBIT,09/30/2016,"GREAT SCOTT 1 REXBURG ID             734482  09/30",-4.25,DEBIT_CARD,211.72,,
DEBIT,09/29/2016,"GREAT SCOTT 1 REXBURG ID             869662  09/29",-15.00,DEBIT_CARD,215.97,,
DEBIT,09/27/2016,"BROULIM'S #6 REXBURG ID              873911  09/27",-2.32,DEBIT_CARD,230.97,,
DEBIT,09/26/2016,"WALGREENS STORE 164 E REXBURG ID     658071  09/26",-18.01,DEBIT_CARD,233.29,,
DEBIT,09/26/2016,"WAL Wal-Mart Super 541 REXBURG ID    314439  09/26",-19.32,DEBIT_CARD,251.30,,
DEBIT,09/26/2016,"GREAT SCOTT 1 REXBURG ID             802783  09/24",-3.18,DEBIT_CARD,270.62,,
DEBIT,09/26/2016,"BYU I FD SRVCS REXBURG ID                    09/23",-4.23,DEBIT_CARD,273.80,,
DEBIT,09/23/2016,"SONIC DRIVE IN #6594 REXBURG ID              09/22",-4.64,DEBIT_CARD,278.03,,
DEBIT,09/22/2016,"BYU IDAHO        BYUIDAHO   913787411       WEB ID: 2820207699",-5.00,ACH_DEBIT,282.67,,
DEBIT,09/21/2016,"CAFE RIO REXBURG REXBURG ID                  09/20",-6.78,DEBIT_CARD,287.67,,
DEBIT,09/20/2016,"BYU IDAHO        BYUIDAHO   913787411       WEB ID: 2820207699",-1021.04,ACH_DEBIT,294.45,,
DEBIT,09/20/2016,"TACO BELL 029852 REXBURG ID                  09/19",-5.38,DEBIT_CARD,1315.49,,
DEBIT,09/19/2016,"TACOS TEPITOS REXBURG ID                     09/17",-7.00,DEBIT_CARD,1320.87,,
DEBIT,09/19/2016,"DOLLAR TREE REXBURG ID               033858  09/17",-3.18,DEBIT_CARD,1327.87,,
DEBIT,09/19/2016,"UPPER VALLEY FAMILY PR REXBURG ID            09/15",-25.00,DEBIT_CARD,1331.05,,
DEBIT,09/16/2016,"WENDYS #0001 REXBURG ID                      09/15",-0.94,DEBIT_CARD,1356.05,,
DEBIT,09/16/2016,"LITTLE CAESARS 1273 000 REXBURG ID           09/15",-5.93,DEBIT_CARD,1356.99,,
DEBIT,09/15/2016,"WAL Wal-Mart Super 611 REXBURG ID    300427  09/15",-14.13,DEBIT_CARD,1362.92,,
DEBIT,09/14/2016,"BROULIM'S #6 REXBURG ID              274723  09/14",-1.90,DEBIT_CARD,1377.05,,
DEBIT,09/14/2016,"WAL-MART #1878 REXBURG ID                    09/13",-10.01,DEBIT_CARD,1378.95,,
DEBIT,09/14/2016,"CAFE RIO REXBURG REXBURG ID                  09/13",-4.72,DEBIT_CARD,1388.96,,
DEBIT,09/14/2016,"CAFE RIO REXBURG REXBURG ID                  09/13",-2.07,DEBIT_CARD,1393.68,,
CREDIT,09/14/2016,"GUNTHERS         Gunthers                   PPD ID: 1870259802",442.14,ACH_CREDIT,1395.75,,
DEBIT,09/12/2016,"VENMO-2          PAYMENT    284253724       WEB ID: 3264681992",-3.45,ACH_DEBIT,953.61,,
CHECK,09/12/2016,"CHECK 1027  ",-510.00,CHECK_PAID,957.06,1027,
CREDIT,09/12/2016,"Online Transfer from CHK ...6447 transaction#: 5654662410",490.67,ACCT_XFER,1467.06,,
DEBIT,09/09/2016,"BROULIM'S #6 REXBURG ID              496411  09/09",-4.75,DEBIT_CARD,976.39,,
DEBIT,09/09/2016,"WAL-MART #1878 REXBURG ID            004005  09/09",-45.94,DEBIT_CARD,981.14,,
DEBIT,09/09/2016,"FRED MEYER IDAHO FALLS ID            018253  09/09",-1.79,DEBIT_CARD,1027.08,,
DEBIT,09/09/2016,"BETOS SARATOGA SPRIN SARATOGA SPRI UT        09/09",-1.39,DEBIT_CARD,1028.87,,
DEBIT,09/09/2016,"DEL TACO #1088 SARATOGA SPRI UT              09/08",-5.39,DEBIT_CARD,1030.26,,
DEBIT,09/07/2016,"THE QUARRY INC PROVO UT                      09/05",-21.37,DEBIT_CARD,1035.65,,
CREDIT,09/07/2016,"GUNTHERS         Gunthers                   PPD ID: 1870259802",530.17,ACH_CREDIT,1057.02,,
DEBIT,09/06/2016,"WENDYS #6094 SARATOGA SPRI UT                09/05",-1.08,DEBIT_CARD,526.85,,
DEBIT,09/06/2016,"CINEMARK THEATRES 061 SANDY UT               09/05",-17.60,DEBIT_CARD,527.93,,
DEBIT,09/06/2016,"DEL TACO #1088 SARATOGA SPRI UT              09/03",-2.16,DEBIT_CARD,545.53,,
DEBIT,09/06/2016,"WATER GARDENS PLEASA PLEASANT GROV UT        09/03",-2.00,DEBIT_CARD,547.69,,
DEBIT,09/06/2016,"DEL TACO #1088 SARATOGA SPRI UT              09/02",-4.28,DEBIT_CARD,549.69,,
DEBIT,09/02/2016,"GET AIR HANG TIME OREM UT                    08/31",-10.69,DEBIT_CARD,553.97,,
DEBIT,09/01/2016,"RUMBI ISLAND GRILL - O OREM UT               08/31",-10.50,DEBIT_CARD,564.66,,
DEBIT,08/31/2016,"Spotify USA 646-8375380 NY                   08/30",-5.33,DEBIT_CARD,575.16,,
CREDIT,08/31/2016,"GUNTHERS         Gunthers                   PPD ID: 1870259802",518.47,ACH_CREDIT,580.49,,
DEBIT,08/30/2016,"LDS CHURCH       DONATION   11567466        WEB ID: 2870834341",-230.00,ACH_DEBIT,62.02,,
CREDIT,08/30/2016,"Online Transfer from CHK ...6809 transaction#: 5628411160",10.00,ACCT_XFER,292.02,,
CREDIT,08/30/2016,"Online Transfer from CHK ...6447 transaction#: 5628412905",40.00,ACCT_XFER,282.02,,
DEBIT,08/29/2016,"TARGET T-1814 American Fork UT       013009  08/27",-2.07,DEBIT_CARD,242.02,,
DEBIT,08/29/2016,"DEL TACO #1088 SARATOGA SPRI UT              08/27",-3.23,DEBIT_CARD,244.09,,
DEBIT,08/29/2016,"DEL TACO #1088 SARATOGA SPRI UT              08/27",-6.62,DEBIT_CARD,247.32,,
DEBIT,08/29/2016,"THE QUARRY INC PROVO UT                      08/26",-22.44,DEBIT_CARD,253.94,,
DEBIT,08/29/2016,"PHILLIPS 66 - E STAT AMERICAN FORK UT        08/26",-1.38,DEBIT_CARD,276.38,,
CREDIT,08/29/2016,"Online Transfer from CHK ...6809 transaction#: 5624314530",110.00,ACCT_XFER,277.76,,
DEBIT,08/26/2016,"ARCTIC CIRCLE 115 RIVERTON UT                08/25",-7.31,DEBIT_CARD,167.76,,
DEBIT,08/26/2016,"MCDONALD'S F31710 SARATOGA SPRI UT           08/24",-2.79,DEBIT_CARD,175.07,,
CREDIT,08/26/2016,"Online Transfer from CHK ...6809 transaction#: 5620422385",100.00,ACCT_XFER,177.86,,
DEBIT,08/23/2016,"WENDYS #6094 SARATOGA SPRI UT                08/22",-4.31,DEBIT_CARD,77.86,,
DEBIT,08/22/2016,"KNEADERS OF LEHI LEHI UT                     08/20",-4.30,DEBIT_CARD,82.17,,
DEBIT,08/22/2016,"SMITHS SARATOGA SPRI UT              022233  08/19",-1.74,DEBIT_CARD,86.47,,
DEBIT,08/17/2016,"BETOS SARATOGA SPRIN SARATOGA SPRI UT        08/17",-4.17,DEBIT_CARD,88.21,,
DEBIT,08/16/2016,"WAL Wal-Mart Super 9 SARATOGA SPRI UT025404  08/16",-5.09,DEBIT_CARD,92.38,,
DEBIT,08/08/2016,"SAFEWAY STORE     2753 Kensington MD 820579  08/06",-2.11,DEBIT_CARD,97.47,,
DEBIT,08/08/2016,"ARBYS 8445 LEHI UT                           08/05",-6.97,DEBIT_CARD,99.58,,
DEBIT,08/05/2016,"MEGAPLEX AT THANKSGIVIN LEHI UT              08/03",-21.50,DEBIT_CARD,106.55,,
DEBIT,08/04/2016,"DEL TACO #274      Q16 OREM UT               08/03",-3.07,DEBIT_CARD,128.05,,
DEBIT,08/03/2016,"TEXACO 0305108 OREM UT                       08/02",-1.81,DEBIT_CARD,131.12,,
DEBIT,08/01/2016,"ADY*Spotify P00759F4 https://www.s NY        07/30",-10.66,DEBIT_CARD,132.93,,
DEBIT,08/01/2016,"DESERET BOOK CO #37 AMERICAN FORK UT 663005  08/01",-8.54,DEBIT_CARD,143.59,,
DEBIT,07/27/2016,"WAL Wal-Mart Super 412 POWAY CA      324301  07/26",-3.56,DEBIT_CARD,152.13,,
DEBIT,07/21/2016,"SONIC DRIVE IN #4879 AMERICAN FORK UT        07/20",-3.54,DEBIT_CARD,155.69,,
DEBIT,07/21/2016,"TEXACO 0309389 ELWOOD UT                     07/20",-30.30,DEBIT_CARD,159.23,,
DEBIT,07/21/2016,"ARBY'S            Q52 TREMONTON UT           07/20",-15.25,DEBIT_CARD,189.53,,
DEBIT,07/20/2016,"NON-CHASE ATM FEE-WITH",-2.50,FEE_TRANSACTION,204.78,,
DEBIT,07/20/2016,"NON-CHASE ATM WITHDRAW               664669  07/20MANWARING",-10.00,ATM,207.28,,
DEBIT,07/20/2016,"CONOCO - GREAT SCOTT 1 REXBURG ID            07/19",-20.02,DEBIT_CARD,217.28,,
DEBIT,07/20/2016,"BYU I FD SRVCS REXBURG ID                    07/19",-6.02,DEBIT_CARD,237.30,,
CREDIT,07/20/2016,"VENMO-0          CASHOUT                    PPD ID: 5264681992",10.00,ACH_CREDIT,243.32,,
DSLIP,07/20/2016,"REMOTE ONLINE DEPOSIT #          1",29.67,CHECK_DEPOSIT,233.32,1,
DSLIP,07/20/2016,"REMOTE ONLINE DEPOSIT #          1",36.74,CHECK_DEPOSIT,203.65,1,
DSLIP,07/20/2016,"REMOTE ONLINE DEPOSIT #          1",72.40,CHECK_DEPOSIT,166.91,1,
CREDIT,07/19/2016,"Online Transfer from CHK ...6809 transaction#: 5537027087",20.00,ACCT_XFER,94.51,,
DSLIP,07/19/2016,"REMOTE ONLINE DEPOSIT #          1",63.17,CHECK_DEPOSIT,74.51,1,
DEBIT,07/18/2016,"WALGREENS 164 E MAIN S REXBURG ID    850984  07/18",-5.08,DEBIT_CARD,11.34,,
DEBIT,07/14/2016,"SQ *KARIE ANNE'S DESSER Rexburg ID           07/13",-3.00,DEBIT_CARD,16.42,,
DEBIT,07/14/2016,"BYU I FD SRVCS REXBURG ID                    07/13",-5.91,DEBIT_CARD,19.42,,
DEBIT,07/14/2016,"MCDONALD'S F5138 REXBURG ID                  07/12",-3.17,DEBIT_CARD,25.33,,
DEBIT,07/12/2016,"GREAT SCOTT 1 REXBURG ID             786845  07/12",-2.45,DEBIT_CARD,28.50,,
DEBIT,07/12/2016,"BYU I FD SRVCS REXBURG ID                    07/11",-5.55,DEBIT_CARD,30.95,,
DEBIT,07/11/2016,"CONOCO - HB BOYS REXBUR REXBURG ID           07/10",-19.10,DEBIT_CARD,36.50,,
DEBIT,07/11/2016,"IDAHO FALLS DI IDAHO FALLS ID                07/07",-4.24,DEBIT_CARD,55.60,,
CREDIT,07/11/2016,"ATM CHECK DEPOSIT 07/11 4782 W CEDAR HILLS DR CEDAR HILLS UT",7.51,ATM_DEPOSIT,59.84,,
DEBIT,07/08/2016,"MAVERIK #152 RIGBY ID                894680  07/08",-1.26,DEBIT_CARD,52.33,,
DEBIT,07/08/2016,"GREAT SCOTT 1 REXBURG ID             837627  07/07",-2.00,DEBIT_CARD,53.59,,
DEBIT,07/08/2016,"JACK IN THE BOX #6030 REXBURG ID             07/07",-5.37,DEBIT_CARD,55.59,,
DEBIT,07/08/2016,"BYU I FD SRVCS REXBURG ID                    07/07",-2.04,DEBIT_CARD,60.96,,
DEBIT,07/06/2016,"BYU I FD SRVCS REXBURG ID                    07/05",-4.23,DEBIT_CARD,63.00,,
DEBIT,07/06/2016,"BYU I FD SRVCS REXBURG ID                    07/05",-1.05,DEBIT_CARD,67.23,,
DEBIT,07/06/2016,"ARBY'S            Q52 TREMONTON UT           07/04",-7.80,DEBIT_CARD,68.28,,
DEBIT,07/06/2016,"MOUNTAINLAND ONE STOP HEBER CITY UT          07/04",-20.00,DEBIT_CARD,76.08,,
DEBIT,07/05/2016,"BETOS SARATOGA SPRIN SARATOGA SPRI UT        07/03",-1.39,DEBIT_CARD,96.08,,
DEBIT,07/05/2016,"MAVERIK #438 SALT LAKE CIT UT        540659  07/02",-1.49,DEBIT_CARD,97.47,,
DEBIT,07/05/2016,"TARGET T-2641 Salt Lake Cit UT       031745  07/02",-1.57,DEBIT_CARD,98.96,,
DEBIT,07/05/2016,"TEXACO 0309389 ELWOOD UT                     07/01",-2.00,DEBIT_CARD,100.53,,
DEBIT,07/05/2016,"TEXACO 0309389 ELWOOD UT                     07/01",-30.00,DEBIT_CARD,102.53,,
DEBIT,07/01/2016,"ADY*Spotify P00510095E 646-8375380 NY        06/30",-10.66,DEBIT_CARD,132.53,,
DEBIT,07/01/2016,"BYU I FD SRVCS REXBURG ID                    06/30",-4.23,DEBIT_CARD,143.19,,
CREDIT,07/01/2016,"Online Transfer from CHK ...6809 transaction#: 5500737602",25.00,ACCT_XFER,147.42,,
CREDIT,07/01/2016,"Online Transfer from CHK ...6447 transaction#: 5500756946",100.00,ACCT_XFER,122.42,,
DEBIT,06/27/2016,"BROULIM'S #6 REXBURG ID              014181  06/27",-12.91,DEBIT_CARD,22.42,,
DEBIT,06/27/2016,"BROULIM'S #6 REXBURG ID              699273  06/27",-11.13,DEBIT_CARD,35.33,,
DEBIT,06/27/2016,"BROULIM'S #6 REXBURG ID                      06/25 Purchase $10.75 Cash Back $10.00",-20.75,DEBIT_CARD,46.46,,
DEBIT,06/27/2016,"GATOR JACKS REXBURG REXBURG ID               06/24",-7.41,DEBIT_CARD,67.21,,
CREDIT,06/27/2016,"Online Transfer from CHK ...6809 transaction#: 5488756631",20.00,ACCT_XFER,74.62,,
DSLIP,06/27/2016,"REMOTE ONLINE DEPOSIT #          1",13.33,CHECK_DEPOSIT,54.62,1,
DEBIT,06/24/2016,"BYU I FD SRVCS REXBURG ID                    06/23",-4.23,DEBIT_CARD,41.29,,
DEBIT,06/23/2016,"BROULIM'S #6 REXBURG ID              686032  06/23",-8.13,DEBIT_CARD,45.52,,
DEBIT,06/22/2016,"BYU I FD SRVCS REXBURG ID                    06/21",-1.90,DEBIT_CARD,53.65,,
DEBIT,06/21/2016,"ALBERTSONS STORE  0171 Rexburg ID    214681  06/21",-13.33,DEBIT_CARD,55.55,,
DSLIP,06/21/2016,"REMOTE ONLINE DEPOSIT #          1",45.13,CHECK_DEPOSIT,68.88,1,
DEBIT,06/20/2016,"BROULIM'S #6 REXBURG ID              524522  06/20",-4.23,DEBIT_CARD,23.75,,
DEBIT,06/20/2016,"BROULIM'S #6 REXBURG ID              989614  06/18",-4.55,DEBIT_CARD,27.98,,
CREDIT,06/20/2016,"Online Transfer from CHK ...6809 transaction#: 5470611179",30.00,ACCT_XFER,32.53,,
DEBIT,06/17/2016,"BYU I FD SRVCS REXBURG ID                    06/16",-4.23,DEBIT_CARD,2.53,,
DEBIT,06/16/2016,"WENDYS #0001 REXBURG ID                      06/15",-0.94,DEBIT_CARD,6.76,,
DEBIT,06/16/2016,"CAFE RIO REXBURG REXBURG ID                  06/15",-10.91,DEBIT_CARD,7.70,,
DEBIT,06/16/2016,"BYU I FD SRVCS REXBURG ID                    06/15",-1.05,DEBIT_CARD,18.61,,
DEBIT,06/15/2016,"BYU I FD SRVCS REXBURG ID                    06/14",-4.23,DEBIT_CARD,19.66,,
